@ARTICLE{2020A&A...640A...1C,
       author = {{Cantat-Gaudin}, T. and {Anders}, F. and {Castro-Ginard}, A. and {Jordi}, C. and {Romero-G{\'o}mez}, M. and {Soubiran}, C. and {Casamiquela}, L. and {Tarricq}, Y. and {Moitinho}, A. and {Vallenari}, A. and {Bragaglia}, A. and {Krone-Martins}, A. and {Kounkel}, M.},
        title = "{Painting a portrait of the Galactic disc with its stellar clusters}",
      journal = {\aap},
     keywords = {open clusters and associations: general, Galaxy: disk, Astrophysics - Astrophysics of Galaxies, Astrophysics - Solar and Stellar Astrophysics},
         year = 2020,
        month = aug,
       volume = {640},
          eid = {A1},
        pages = {A1},
          doi = {10.1051/0004-6361/202038192},
archivePrefix = {arXiv},
       eprint = {2004.07274},
 primaryClass = {astro-ph.GA},
       adsurl = {https://ui.adsabs.harvard.edu/abs/2020A&A...640A...1C},
      adsnote = {Provided by the SAO/NASA Astrophysics Data System}
}

@ARTICLE{2018A&A...616A..17A,
       author = {{Arenou}, F. and {Luri}, X. and {Babusiaux}, C. and {Fabricius}, C. and {Helmi}, A. and {Muraveva}, T. and {Robin}, A.~C. and {Spoto}, F. and {Vallenari}, A. and {Antoja}, T. and {Cantat-Gaudin}, T. and {Jordi}, C. and {Leclerc}, N. and {Reyl{\'e}}, C. and {Romero-G{\'o}mez}, M. and {Shih}, I. -C. and {Soria}, S. and {Barache}, C. and {Bossini}, D. and {Bragaglia}, A. and {Breddels}, M.~A. and {Fabrizio}, M. and {Lambert}, S. and {Marrese}, P.~M. and {Massari}, D. and {Moitinho}, A. and {Robichon}, N. and {Ruiz-Dern}, L. and {Sordo}, R. and {Veljanoski}, J. and {Eyer}, L. and {Jasniewicz}, G. and {Pancino}, E. and {Soubiran}, C. and {Spagna}, A. and {Tanga}, P. and {Turon}, C. and {Zurbach}, C.},
        title = "{Gaia Data Release 2. Catalogue validation}",
      journal = {\aap},
     keywords = {catalogs, stars: fundamental parameters, astrometry, techniques: radial velocities, stars: variables: general, minor planets, asteroids: general, Astrophysics - Astrophysics of Galaxies, Astrophysics - Instrumentation and Methods for Astrophysics},
         year = 2018,
        month = aug,
       volume = {616},
          eid = {A17},
        pages = {A17},
          doi = {10.1051/0004-6361/201833234},
archivePrefix = {arXiv},
       eprint = {1804.09375},
 primaryClass = {astro-ph.GA},
       adsurl = {https://ui.adsabs.harvard.edu/abs/2018A&A...616A..17A},
      adsnote = {Provided by the SAO/NASA Astrophysics Data System}
}

@INPROCEEDINGS{1970IAUS...38..205B,
       author = {{Becker}, W. and {Fenkart}, R.~B.},
        title = "{Galactic Clusters and H II Regions}",
    booktitle = {The Spiral Structure of our Galaxy},
         year = 1970,
       editor = {{Becker}, Wilhelm and {Kontopoulos}, Georgios Ioannou},
       volume = {38},
        month = jan,
        pages = {205},
       adsurl = {https://ui.adsabs.harvard.edu/abs/1970IAUS...38..205B},
      adsnote = {Provided by the SAO/NASA Astrophysics Data System}
}

@ARTICLE{1958ZA.....46..176V,
       author = {{van den Bergh}, S.},
        title = "{Old Galactic Clusters. With 1 figure in the text}",
      journal = {\zap},
         year = 1958,
        month = jan,
       volume = {46},
        pages = {176},
       adsurl = {https://ui.adsabs.harvard.edu/abs/1958ZA.....46..176V},
      adsnote = {Provided by the SAO/NASA Astrophysics Data System}
}

@ARTICLE{1930LicOB..14..154T,
       author = {{Trumpler}, Robert Julius},
        title = "{Preliminary results on the distances, dimensions and space distribution of open star clusters}",
      journal = {Lick Observatory Bulletin},
     keywords = {STARS: OPEN CLUSTERS, STARS: DISTRIBUTION},
         year = 1930,
        month = jan,
       volume = {420},
        pages = {154-188},
          doi = {10.5479/ADS/bib/1930LicOB.14.154T},
       adsurl = {https://ui.adsabs.harvard.edu/abs/1930LicOB..14..154T},
      adsnote = {Provided by the SAO/NASA Astrophysics Data System}
}

@ARTICLE{1918ApJ....48..154S,
       author = {{Shapley}, H.},
        title = "{Studies based on the colors and magnitudes in stellar clusters. VII. The distances, distribution in space, and dimensions of 69 globular clusters.}",
      journal = {\apj},
         year = 1918,
        month = oct,
       volume = {48},
        pages = {154-181},
          doi = {10.1086/142423},
       adsurl = {https://ui.adsabs.harvard.edu/abs/1918ApJ....48..154S},
      adsnote = {Provided by the SAO/NASA Astrophysics Data System}
}

@ARTICLE{1785RSPT...75..213H,
       author = {{Herschel}, William},
        title = "{On the Construction of the Heavens.}",
      journal = {Philosophical Transactions of the Royal Society of London Series I},
         year = 1785,
        month = jan,
       volume = {75},
        pages = {213-266},
       adsurl = {https://ui.adsabs.harvard.edu/abs/1785RSPT...75..213H},
      adsnote = {Provided by the SAO/NASA Astrophysics Data System}
}

@ARTICLE{2019A&A...623A.108B,
       author = {{Bossini}, D. and {Vallenari}, A. and {Bragaglia}, A. and {Cantat-Gaudin}, T. and {Sordo}, R. and {Balaguer-N{\'u}{\~n}ez}, L. and {Jordi}, C. and {Moitinho}, A. and {Soubiran}, C. and {Casamiquela}, L. and {Carrera}, R. and {Heiter}, U.},
        title = "{Age determination for 269 Gaia DR2 open clusters}",
      journal = {\aap},
     keywords = {methods: statistical, open clusters and associations: general, Galaxy: stellar content, catalogs, Astrophysics - Solar and Stellar Astrophysics, Astrophysics - Astrophysics of Galaxies},
         year = 2019,
        month = mar,
       volume = {623},
          eid = {A108},
        pages = {A108},
          doi = {10.1051/0004-6361/201834693},
archivePrefix = {arXiv},
       eprint = {1901.04733},
 primaryClass = {astro-ph.SR},
       adsurl = {https://ui.adsabs.harvard.edu/abs/2019A&A...623A.108B},
      adsnote = {Provided by the SAO/NASA Astrophysics Data System}
}

@ARTICLE{2012MNRAS.427..127B,
       author = {{Bressan}, Alessandro and {Marigo}, Paola and {Girardi}, L{\'e}o. and {Salasnich}, Bernardo and {Dal Cero}, Claudia and {Rubele}, Stefano and {Nanni}, Ambra},
        title = "{PARSEC: stellar tracks and isochrones with the PAdova and TRieste Stellar Evolution Code}",
      journal = {\mnras},
     keywords = {stars: evolution, Hertzsprung{\ensuremath{-}}Russell and colour magnitude diagrams, stars: interiors, stars: low-mass, Astrophysics - Solar and Stellar Astrophysics},
         year = 2012,
        month = nov,
       volume = {427},
       number = {1},
        pages = {127-145},
          doi = {10.1111/j.1365-2966.2012.21948.x},
archivePrefix = {arXiv},
       eprint = {1208.4498},
 primaryClass = {astro-ph.SR},
       adsurl = {https://ui.adsabs.harvard.edu/abs/2012MNRAS.427..127B},
      adsnote = {Provided by the SAO/NASA Astrophysics Data System}
}

@ARTICLE{2019yCat..51580035S,
       author = {{Siegel}, M.~H. and {Laporte}, S.~J. and {Porterfield}, B.~L. and {Hagen}, L.~M.~Z. and {Gronwall}, C.~A.},
        title = "{VizieR Online Data Catalog: Swift UVOT Stars Survey. III. Galactic open clusters (Siegel+, 2019)}",
      journal = {VizieR Online Data Catalog},
     keywords = {Milky Way, Clusters: open, Photometry: ultraviolet, Photometry: UBV, Abundances: [Fe/H], Surveys},
         year = 2019,
        month = sep,
          eid = {J/AJ/158/35},
        pages = {J/AJ/158/35},
       adsurl = {https://ui.adsabs.harvard.edu/abs/2019yCat..51580035S},
      adsnote = {Provided by the SAO/NASA Astrophysics Data System}
}

