
@article{nilakshi_sagar_pandey_mohan_2002, title={A study of spatial structure of galactic open star clusters}, volume={383}, DOI={10.1051/0004-6361:20011719}, number={1}, journal={Astronomy \& Astrophysics}, author={Nilakshi and Sagar, R. and Pandey, A. K. and Mohan, V.}, year={2002}, month={Feb}, pages={153–162} }


@article{trumpler_1930, title={Preliminary results on the distances, dimensions and space distribution of open star clusters}, volume={14}, DOI={10.5479/ads/bib/1930licob.14.154t}, number={14}, journal={Lick Observatory Bulletins}, author={Trumpler, Robert}, year={1930}, pages={154–188} }
