@ARTICLE{DAO_PHOT,
       author = {{Stetson}, Peter B.},
        title = "{DAOPHOT: A Computer Program for Crowded-Field Stellar Photometry}",
      journal = {\pasp},
     keywords = {Algorithms, Astronomical Photometry, Computer Programs, Charge Coupled Devices, Color-Magnitude Diagram, Magellanic Clouds, Point Spread Functions, Television Cameras, COMPUTER PROGRAMMING AND SOFTWARE, data-handling techniques, photometry (general)},
         year = 1987,
        month = mar,
       volume = {99},
        pages = {191},
          doi = {10.1086/131977},
       adsurl = {https://ui.adsabs.harvard.edu/abs/1987PASP...99..191S},
      adsnote = {Provided by the SAO/NASA Astrophysics Data System}
}


@ARTICLE{PAXTON,
       author = {{Paxton}, Bill and {Schwab}, Josiah and {Bauer}, Evan B. and {Bildsten}, Lars and {Blinnikov}, Sergei and {Duffell}, Paul and {Farmer}, R. and {Goldberg}, Jared A. and {Marchant}, Pablo and {Sorokina}, Elena and {Thoul}, Anne and {Townsend}, Richard H.~D. and {Timmes}, F.~X.},
        title = "{Modules for Experiments in Stellar Astrophysics (MESA): Convective Boundaries, Element Diffusion, and Massive Star Explosions}",
      journal = {\apjs},
     keywords = {convection, diffusion, hydrodynamics, methods: numerical, stars: evolution, supernovae: general, Astrophysics - Solar and Stellar Astrophysics, Astrophysics - High Energy Astrophysical Phenomena},
         year = 2018,
        month = feb,
       volume = {234},
       number = {2},
          eid = {34},
        pages = {34},
          doi = {10.3847/1538-4365/aaa5a8},
archivePrefix = {arXiv},
       eprint = {1710.08424},
 primaryClass = {astro-ph.SR},
       adsurl = {https://ui.adsabs.harvard.edu/abs/2018ApJS..234...34P},
      adsnote = {Provided by the SAO/NASA Astrophysics Data System}
}

@ARTICLE{DAVID_M_Reddening,
       author = {{Nataf}, David M. and {Gould}, Andrew and {Fouqu{\'e}}, Pascal and {Gonzalez}, Oscar A. and {Johnson}, Jennifer A. and {Skowron}, Jan and {Udalski}, Andrzej and {Szyma{\'n}ski}, Micha{\l} K. and {Kubiak}, Marcin and {Pietrzy{\'n}ski}, Grzegorz and {Soszy{\'n}ski}, Igor and {Ulaczyk}, Krzysztof and {Wyrzykowski}, {\L}ukasz and {Poleski}, Rados{\l}aw},
        title = "{Reddening and Extinction toward the Galactic Bulge from OGLE-III: The Inner Milky Way's R$_{V}$ \raisebox{-0.5ex}\textasciitilde 2.5 Extinction Curve}",
      journal = {\apj},
     keywords = {dust, extinction, Galaxy: bulge, Galaxy: fundamental parameters, Galaxy: stellar content, Galaxy: structure, Astrophysics - Astrophysics of Galaxies},
         year = 2013,
        month = jun,
       volume = {769},
       number = {2},
          eid = {88},
        pages = {88},
          doi = {10.1088/0004-637X/769/2/88},
archivePrefix = {arXiv},
       eprint = {1208.1263},
 primaryClass = {astro-ph.GA},
       adsurl = {https://ui.adsabs.harvard.edu/abs/2013ApJ...769...88N},
      adsnote = {Provided by the SAO/NASA Astrophysics Data System}
}

@ARTICLE{Choi,
       author = {{Choi}, Jieun and {Dotter}, Aaron and {Conroy}, Charlie and {Cantiello}, Matteo and {Paxton}, Bill and {Johnson}, Benjamin D.},
        title = "{Mesa Isochrones and Stellar Tracks (MIST). I. Solar-scaled Models}",
      journal = {\apj},
     keywords = {stars: evolution, stars: general, stars: interiors, Astrophysics - Solar and Stellar Astrophysics},
         year = 2016,
        month = jun,
       volume = {823},
       number = {2},
          eid = {102},
        pages = {102},
          doi = {10.3847/0004-637X/823/2/102},
archivePrefix = {arXiv},
       eprint = {1604.08592},
 primaryClass = {astro-ph.SR},
       adsurl = {https://ui.adsabs.harvard.edu/abs/2016ApJ...823..102C},
      adsnote = {Provided by the SAO/NASA Astrophysics Data System}
}

@book{howell_2006, place={Cambridge}, edition={2}, series={Cambridge Observing Handbooks for Research Astronomers}, title={Handbook of CCD Astronomy}, DOI={10.1017/CBO9780511807909}, publisher={Cambridge University Press}, author={Howell, Steve B.}, year={2006}, collection={Cambridge Observing Handbooks for Research Astronomers}}

@book{budding_o_2007, place={Cambridge}, title={Introduction to astronomical photometry}, ISBN={9780511536175}, publisher={Cambridge University Press}, author={Budding, E and O Demircan}, year={2007} }

@ARTICLE{1985_Vandenberg,
       author = {{Vandenberg}, D.~A.},
        title = "{Evolution of 0.7-3.0 M stars having -1.0 <= Fe/H 0.0.}",
      journal = {\apjs},
     keywords = {Abundance, Iron, Metallicity, Star Clusters, Stellar Evolution, Stellar Mass, Stellar Models, Color-Magnitude Diagram, Computational Astrophysics, Hydrogen, Interstellar Extinction, Milky Way Galaxy, Nuclear Reactions, Open Clusters, Pleiades Cluster, Praesepe Star Clusters, Stellar Interiors, Tables (Data), Astrophysics},
         year = 1985,
        month = aug,
       volume = {58},
        pages = {711-769},
          doi = {10.1086/191055},
       adsurl = {https://ui.adsabs.harvard.edu/abs/1985ApJS...58..711V},
      adsnote = {Provided by the SAO/NASA Astrophysics Data System}
}

@ARTICLE{GoodnessValle,
       author = {{Valle}, G. and {Dell'Omodarme}, M. and {Tognelli}, E.},
        title = "{Goodness-of-fit test for isochrone fitting in the Gaia era. Statistical assessment of the error distribution}",
      journal = {\aap},
     keywords = {stars: fundamental parameters, methods: statistical, stars: evolution, stars: interiors, open clusters and associations: general, Astrophysics - Solar and Stellar Astrophysics, Astrophysics - Astrophysics of Galaxies},
         year = 2021,
        month = may,
       volume = {649},
          eid = {A127},
        pages = {A127},
          doi = {10.1051/0004-6361/202140413},
archivePrefix = {arXiv},
       eprint = {2103.08209},
 primaryClass = {astro-ph.SR},
       adsurl = {https://ui.adsabs.harvard.edu/abs/2021A&A...649A.127V},
      adsnote = {Provided by the SAO/NASA Astrophysics Data System}
}

@ARTICLE{2006MNRAS.373.1251N,
       author = {{Naylor}, Tim and {Jeffries}, R.~D.},
        title = "{A maximum-likelihood method for fitting colour-magnitude diagrams}",
      journal = {\mnras},
     keywords = {methods: data analysis, methods: statistical, techniques: photometric, stars: fundamental parameters, open clusters and associations: general, open clusters and associations: individual: NGC2547, Astrophysics},
         year = 2006,
        month = dec,
       volume = {373},
       number = {3},
        pages = {1251-1263},
          doi = {10.1111/j.1365-2966.2006.11099.x},
archivePrefix = {arXiv},
       eprint = {astro-ph/0609764},
 primaryClass = {astro-ph},
       adsurl = {https://ui.adsabs.harvard.edu/abs/2006MNRAS.373.1251N},
      adsnote = {Provided by the SAO/NASA Astrophysics Data System}
}

@ARTICLE{Overshooting_Vandenberg,
       author = {{VandenBerg}, Don A. and {Stetson}, P.~B.},
        title = "{On the Old Open Clusters M67 and NGC 188: Convective Core Overshooting, Color-Temperature Relations, Distances, and Ages}",
      journal = {\pasp},
     keywords = {Stars: Hertzsprung-Russell Diagram, Galaxy: Open Clusters and Associations: General, Galaxy: Open Clusters and Associations: Individual: Messier Number: M67, Galaxy: Open Clusters and Associations: Individual: NGC Number: NGC 188, Stars: Evolution, Stars: General, convection},
         year = 2004,
        month = nov,
       volume = {116},
       number = {825},
        pages = {997-1011},
          doi = {10.1086/426340},
       adsurl = {https://ui.adsabs.harvard.edu/abs/2004PASP..116..997V},
      adsnote = {Provided by the SAO/NASA Astrophysics Data System}
}


@article{Metallicity_catalogue,
   title={A PUBLIC CATALOG OF STELLAR MASSES, STAR FORMATION AND METALLICITY HISTORIES, AND DUST CONTENT FROM THE SLOAN DIGITAL SKY SURVEY USING VESPA},
   volume={185},
   ISSN={1538-4365},
   url={http://dx.doi.org/10.1088/0067-0049/185/1/1},
   DOI={10.1088/0067-0049/185/1/1},
   number={1},
   journal={The Astrophysical Journal Supplement Series},
   publisher={American Astronomical Society},
   author={Tojeiro, Rita and Wilkins, Stephen and Heavens, Alan F. and Panter, Ben and Jimenez, Raul},
   year={2009},
   month={Oct},
   pages={1–19} }

   @article{kar, title={An Improved Metallicity Calibration with UBV Photometry}, volume={28}, DOI={10.1071/AS10026}, number={2}, journal={Publications of the Astronomical Society of Australia}, publisher={Cambridge University Press}, author={Karaali, S. and Bilir, S. and Ak, S. and Yaz, E. and Coşkunoğlu, B.}, year={2011}, pages={95–106}}







@article{review,
author = {Friel, E. D.},
title = {The Old Open Clusters of the Milky Way},
journal = {Annual Review of Astronomy and Astrophysics},
volume = {33},
number = {1},
pages = {381-414},
year = {1995},
doi = {10.1146/annurev.aa.33.090195.002121},

URL = { 
        https://doi.org/10.1146/annurev.aa.33.090195.002121
    
},
eprint = { 
        https://doi.org/10.1146/annurev.aa.33.090195.002121
    
}
,
    abstract = { The Galactic open clusters, in particular the oldest members, serve as excellent probes of the structure and evolution of the Galactic disk. Individual clusters provide excellent tests of stellar and dynamical evolution. Cluster spatial and age distributions provide insight into the processes of cluster formation and destruction that have allowed substantial numbers of old open clusters to survive. Spectroscopic and photometric data for the old clusters yield kinematic, abundance, and age information that clarifies the relationship between the old open cluster population and other Galactic populations. New samples of old open clusters, which span a large range in distance and age, are used to define disk abundance gradients and the cluster age-metallicity relationship, and they point to a complex history of chemical enrichment and mixing in the disk. }
}


@software{larry_bradley_2020_4044744,
author       = {Larry Bradley and
                Brigitta Sip{\H o}cz and
                Thomas Robitaille and
                Erik Tollerud and
                Z\`e Vin{\'{\i}}cius and
                Christoph Deil and
                Kyle Barbary and
                Tom J Wilson and
                Ivo Busko and
                Hans Moritz G{\"u}nther and
                Mihai Cara and
                Simon Conseil and
                Azalee Bostroem and
                Michael Droettboom and
                E. M. Bray and
                Lars Andersen Bratholm and
                P. L. Lim and
                Geert Barentsen and
                Matt Craig and
                Sergio Pascual and
                Gabriel Perren and
                Johnny Greco and
                Axel Donath and
                Miguel de Val-Borro and
                Wolfgang Kerzendorf and
                Yoonsoo P. Bach and
                Benjamin Alan Weaver and
                Francesco D'Eugenio and
                Harrison Souchereau and
                Leonardo Ferreira},
title        = {astropy/photutils: 1.0.0},
month        = sep,
year         = 2020,
publisher    = {Zenodo},
version      = {1.0.0},
doi          = {10.5281/zenodo.4044744},
url          = {https://doi.org/10.5281/zenodo.4044744}
}
