@ARTICLE{Lor07,
   author = {{Lorimer}, D.~R. and {Bailes}, M. and {McLaughlin}, M.~A. and
	{Narkevic}, D.~J. and {Crawford}, F.},
    title = "{A Bright Millisecond Radio Burst of Extragalactic Origin}",
  journal = {Science},
archivePrefix = "arXiv",
   eprint = {0709.4301},
     year = 2007,
    month = nov,
   volume = 318,
    pages = {777},
      doi = {10.1126/science.1147532},
   adsurl = {http://adsabs.harvard.edu/abs/2007Sci...318..777L},
  adsnote = {Provided by the SAO/NASA Astrophysics Data System}
}

@ARTICLE{Tho13,
   author = {{Thornton}, D. and {Stappers}, B. and {Bailes}, M. and {Barsdell}, B. and
	{Bates}, S. and {Bhat}, N.~D.~R. and {Burgay}, M. and {Burke-Spolaor}, S. and
	{Champion}, D.~J. and {Coster}, P. and {D'Amico}, N. and {Jameson}, A. and
	{Johnston}, S. and {Keith}, M. and {Kramer}, M. and {Levin}, L. and
	{Milia}, S. and {Ng}, C. and {Possenti}, A. and {van Straten}, W.
	},
    title = "{A Population of Fast Radio Bursts at Cosmological Distances}",
  journal = {Science},
archivePrefix = "arXiv",
   eprint = {1307.1628},
 primaryClass = "astro-ph.HE",
     year = 2013,
    month = jul,
   volume = 341,
    pages = {53-56},
      doi = {10.1126/science.1236789},
   adsurl = {http://adsabs.harvard.edu/abs/2013Sci...341...53T},
  adsnote = {Provided by the SAO/NASA Astrophysics Data System}
}

@ARTICLE{Cha17,
   author = {{Chatterjee}, S. and {Law}, C.~J. and {Wharton}, R.~S. and {Burke-Spolaor}, S. and
	{Hessels}, J.~W.~T. and {Bower}, G.~C. and {Cordes}, J.~M. and
	{Tendulkar}, S.~P. and {Bassa}, C.~G. and {Demorest}, P. and
	{Butler}, B.~J. and {Seymour}, A. and {Scholz}, P. and {Abruzzo}, M.~W. and
	{Bogdanov}, S. and {Kaspi}, V.~M. and {Keimpema}, A. and {Lazio}, T.~J.~W. and
	{Marcote}, B. and {McLaughlin}, M.~A. and {Paragi}, Z. and {Ransom}, S.~M. and
	{Rupen}, M. and {Spitler}, L.~G. and {van Langevelde}, H.~J.
	},
    title = "{A direct localization of a fast radio burst and its host}",
  journal = {\nat},
archivePrefix = "arXiv",
   eprint = {1701.01098},
 primaryClass = "astro-ph.HE",
     year = 2017,
    month = jan,
   volume = 541,
    pages = {58-61},
      doi = {10.1038/nature20797},
   adsurl = {http://adsabs.harvard.edu/abs/2017Natur.541...58C},
  adsnote = {Provided by the SAO/NASA Astrophysics Data System}
}

@ARTICLE{Mar17,
   author = {{Marcote}, B. and {Paragi}, Z. and {Hessels}, J.~W.~T. and {Keimpema}, A. and
	{van Langevelde}, H.~J. and {Huang}, Y. and {Bassa}, C.~G. and
	{Bogdanov}, S. and {Bower}, G.~C. and {Burke-Spolaor}, S. and
	{Butler}, B.~J. and {Campbell}, R.~M. and {Chatterjee}, S. and
	{Cordes}, J.~M. and {Demorest}, P. and {Garrett}, M.~A. and
	{Ghosh}, T. and {Kaspi}, V.~M. and {Law}, C.~J. and {Lazio}, T.~J.~W. and
	{McLaughlin}, M.~A. and {Ransom}, S.~M. and {Salter}, C.~J. and
	{Scholz}, P. and {Seymour}, A. and {Siemion}, A. and {Spitler}, L.~G. and
	{Tendulkar}, S.~P. and {Wharton}, R.~S.},
    title = "{The Repeating Fast Radio Burst FRB 121102 as Seen on Milliarcsecond Angular Scales}",
  journal = {\apjl},
archivePrefix = "arXiv",
   eprint = {1701.01099},
 primaryClass = "astro-ph.HE",
 keywords = {radiation mechanisms: non-thermal, radio continuum: galaxies, techniques: high angular resolution},
     year = 2017,
    month = jan,
   volume = 834,
      eid = {L8},
    pages = {L8},
      doi = {10.3847/2041-8213/834/2/L8},
   adsurl = {http://adsabs.harvard.edu/abs/2017ApJ...834L...8M},
  adsnote = {Provided by the SAO/NASA Astrophysics Data System}
}

@ARTICLE{Ten17,
   author = {{Tendulkar}, S.~P. and {Bassa}, C.~G. and {Cordes}, J.~M. and
	{Bower}, G.~C. and {Law}, C.~J. and {Chatterjee}, S. and {Adams}, E.~A.~K. and
	{Bogdanov}, S. and {Burke-Spolaor}, S. and {Butler}, B.~J. and
	{Demorest}, P. and {Hessels}, J.~W.~T. and {Kaspi}, V.~M. and
	{Lazio}, T.~J.~W. and {Maddox}, N. and {Marcote}, B. and {McLaughlin}, M.~A. and
	{Paragi}, Z. and {Ransom}, S.~M. and {Scholz}, P. and {Seymour}, A. and
	{Spitler}, L.~G. and {van Langevelde}, H.~J. and {Wharton}, R.~S.
	},
    title = "{The Host Galaxy and Redshift of the Repeating Fast Radio Burst FRB 121102}",
  journal = {\apjl},
archivePrefix = "arXiv",
   eprint = {1701.01100},
 primaryClass = "astro-ph.HE",
 keywords = {galaxies: distances and redshifts, galaxies: dwarf, galaxies: ISM, stars: magnetars, stars: neutron},
     year = 2017,
    month = jan,
   volume = 834,
      eid = {L7},
    pages = {L7},
      doi = {10.3847/2041-8213/834/2/L7},
   adsurl = {http://adsabs.harvard.edu/abs/2017ApJ...834L...7T},
  adsnote = {Provided by the SAO/NASA Astrophysics Data System}
}

@ARTICLE{Spi16,
   author = {{Spitler}, L.~G. and {Scholz}, P. and {Hessels}, J.~W.~T. and
	{Bogdanov}, S. and {Brazier}, A. and {Camilo}, F. and {Chatterjee}, S. and
	{Cordes}, J.~M. and {Crawford}, F. and {Deneva}, J. and {Ferdman}, R.~D. and
	{Freire}, P.~C.~C. and {Kaspi}, V.~M. and {Lazarus}, P. and
	{Lynch}, R. and {Madsen}, E.~C. and {McLaughlin}, M.~A. and
	{Patel}, C. and {Ransom}, S.~M. and {Seymour}, A. and {Stairs}, I.~H. and
	{Stappers}, B.~W. and {van Leeuwen}, J. and {Zhu}, W.~W.},
    title = "{A repeating fast radio burst}",
  journal = {\nat},
archivePrefix = "arXiv",
   eprint = {1603.00581},
 primaryClass = "astro-ph.HE",
     year = 2016,
    month = mar,
   volume = 531,
    pages = {202-205},
      doi = {10.1038/nature17168},
   adsurl = {http://adsabs.harvard.edu/abs/2016Natur.531..202S},
  adsnote = {Provided by the SAO/NASA Astrophysics Data System}
}

@ARTICLE{Sch16,
   author = {{Scholz}, P. and {Spitler}, L.~G. and {Hessels}, J.~W.~T. and
	{Chatterjee}, S. and {Cordes}, J.~M. and {Kaspi}, V.~M. and
	{Wharton}, R.~S. and {Bassa}, C.~G. and {Bogdanov}, S. and {Camilo}, F. and
	{Crawford}, F. and {Deneva}, J. and {van Leeuwen}, J. and {Lynch}, R. and
	{Madsen}, E.~C. and {McLaughlin}, M.~A. and {Mickaliger}, M. and
	{Parent}, E. and {Patel}, C. and {Ransom}, S.~M. and {Seymour}, A. and
	{Stairs}, I.~H. and {Stappers}, B.~W. and {Tendulkar}, S.~P.
	},
    title = "{The Repeating Fast Radio Burst FRB 121102: Multi-wavelength Observations and Additional Bursts}",
  journal = {\apj},
archivePrefix = "arXiv",
   eprint = {1603.08880},
 primaryClass = "astro-ph.HE",
 keywords = {pulsars: general, radio continuum: general, stars: neutron, X-rays: general},
     year = 2016,
    month = dec,
   volume = 833,
      eid = {177},
    pages = {177},
      doi = {10.3847/1538-4357/833/2/177},
   adsurl = {http://adsabs.harvard.edu/abs/2016ApJ...833..177S},
  adsnote = {Provided by the SAO/NASA Astrophysics Data System}
}

@ARTICLE{Spi14,
   author = {{Spitler}, L.~G. and {Cordes}, J.~M. and {Hessels}, J.~W.~T. and
	{Lorimer}, D.~R. and {McLaughlin}, M.~A. and {Chatterjee}, S. and
	{Crawford}, F. and {Deneva}, J.~S. and {Kaspi}, V.~M. and {Wharton}, R.~S. and
	{Allen}, B. and {Bogdanov}, S. and {Brazier}, A. and {Camilo}, F. and
	{Freire}, P.~C.~C. and {Jenet}, F.~A. and {Karako-Argaman}, C. and
	{Knispel}, B. and {Lazarus}, P. and {Lee}, K.~J. and {van Leeuwen}, J. and
	{Lynch}, R. and {Ransom}, S.~M. and {Scholz}, P. and {Siemens}, X. and
	{Stairs}, I.~H. and {Stovall}, K. and {Swiggum}, J.~K. and {Venkataraman}, A. and
	{Zhu}, W.~W. and {Aulbert}, C. and {Fehrmann}, H.},
    title = "{Fast Radio Burst Discovered in the Arecibo Pulsar ALFA Survey}",
  journal = {\apj},
archivePrefix = "arXiv",
   eprint = {1404.2934},
 primaryClass = "astro-ph.HE",
 keywords = {pulsars: general},
     year = 2014,
    month = aug,
   volume = 790,
      eid = {101},
    pages = {101},
      doi = {10.1088/0004-637X/790/2/101},
   adsurl = {http://adsabs.harvard.edu/abs/2014ApJ...790..101S},
  adsnote = {Provided by the SAO/NASA Astrophysics Data System}
}

@ARTICLE{Ho95,
   author = {{Ho}, L.~C. and {Filippenko}, A.~V. and {Sargent}, W.~L.},
    title = "{A search for 'dwarf' Seyfert nuclei. 2: an optical spectral atlas of the nuclei of nearby galaxies}",
  journal = {\apjs},
 keywords = {Astronomical Catalogs, Galactic Nuclei, Seyfert Galaxies, Sky Surveys (Astronomy), Star Formation, Starburst Galaxies, Wolf-Rayet Stars, Spectrographs, Stellar Magnitude, Velocity Distribution},
     year = 1995,
    month = jun,
   volume = 98,
    pages = {477-593},
      doi = {10.1086/192170},
   adsurl = {http://adsabs.harvard.edu/abs/1995ApJS...98..477H},
  adsnote = {Provided by the SAO/NASA Astrophysics Data System}
}

@ARTICLE{Cor17,
   author = {{Cordes}, J.~M. and {Wasserman}, I. and {Hessels}, J.~W.~T. and
	{Lazio}, T.~J.~W. and {Chatterjee}, S. and {Wharton}, R.~S.},
    title = "{Lensing of Fast Radio Bursts by Plasma Structures in Host Galaxies}",
  journal = {\apj},
archivePrefix = "arXiv",
   eprint = {1703.06580},
 primaryClass = "astro-ph.HE",
 keywords = {galaxies: distances and redshifts, galaxies: ISM, scattering, stars: individual: FRB 121102, stars: magnetars, stars: neutron},
     year = 2017,
    month = jun,
   volume = 842,
      eid = {35},
    pages = {35},
      doi = {10.3847/1538-4357/aa74da},
   adsurl = {http://adsabs.harvard.edu/abs/2017ApJ...842...35C},
  adsnote = {Provided by the SAO/NASA Astrophysics Data System}
}

@ARTICLE{Law17,
   author = {{Law}, C.~J. and {Abruzzo}, M.~W. and {Bassa}, C.~G. and {Bower}, G.~C. and
	{Burke-Spolaor}, S. and {Butler}, B.~J. and {Cantwell}, T. and
	{Carey}, S.~H. and {Chatterjee}, S. and {Cordes}, J.~M. and
	{Demorest}, P. and {Dowell}, J. and {Fender}, R. and {Gourdji}, K. and
	{Grainge}, K. and {Hessels}, J.~W.~T. and {Hickish}, J. and
	{Kaspi}, V.~M. and {Lazio}, T.~J.~W. and {McLaughlin}, M.~A. and
	{Michilli}, D. and {Mooley}, K. and {Perrott}, Y.~C. and {Ransom}, S.~M. and
	{Razavi-Ghods}, N. and {Rupen}, M. and {Scaife}, A. and {Scott}, P. and
	{Scholz}, P. and {Seymour}, A. and {Spitler}, L.~G. and {Stovall}, K. and
	{Tendulkar}, S.~P. and {Titterington}, D. and {Wharton}, R.~S. and
	{Williams}, P.~K.~G.},
    title = "{A Multi-telescope Campaign on FRB 121102: Implications for the FRB Population}",
  journal = {ArXiv e-prints},
archivePrefix = "arXiv",
   eprint = {1705.07553},
 primaryClass = "astro-ph.HE",
 keywords = {Astrophysics - High Energy Astrophysical Phenomena},
     year = 2017,
    month = may,
   adsurl = {http://adsabs.harvard.edu/abs/2017arXiv170507553L},
  adsnote = {Provided by the SAO/NASA Astrophysics Data System}
}

@ARTICLE{Bas17,
   author = {{Bassa}, C.~G. and {Tendulkar}, S.~P. and {Adams}, E.~A.~K. and
	{Maddox}, N. and {Bogdanov}, S. and {Bower}, G.~C. and {Burke-Spolaor}, S. and
	{Butler}, B.~J. and {Chatterjee}, S. and {Cordes}, J.~M. and
	{Hessels}, J.~W.~T. and {Kaspi}, V.~M. and {Law}, C.~J. and
	{Marcote}, B. and {Paragi}, Z. and {Ransom}, S.~M. and {Scholz}, P. and
	{Spitler}, L.~G. and {van Langevelde}, H.~J.},
    title = "{FRB 121102 Is Coincident with a Star-forming Region in Its Host Galaxy}",
  journal = {\apjl},
archivePrefix = "arXiv",
   eprint = {1705.07698},
 primaryClass = "astro-ph.HE",
 keywords = {galaxies: dwarf, galaxies: star formation, gamma-ray burst: general, supernovae: general},
     year = 2017,
    month = jul,
   volume = 843,
      eid = {L8},
    pages = {L8},
      doi = {10.3847/2041-8213/aa7a0c},
   adsurl = {http://adsabs.harvard.edu/abs/2017ApJ...843L...8B},
  adsnote = {Provided by the SAO/NASA Astrophysics Data System}
}

@ARTICLE{Sch17,
   author = {{Scholz}, P. and {Bogdanov}, S. and {Hessels}, J.~W.~T. and
	{Lynch}, R.~S. and {Spitler}, L.~G. and {Bassa}, C.~G. and {Bower}, G.~C. and
	{Burke-Spolaor}, S. and {Butler}, B.~J. and {Chatterjee}, S. and
	{Cordes}, J.~M. and {Gourdji}, K. and {Kaspi}, V.~M. and {Law}, C.~J. and
	{Marcote}, B. and {McLaughlin}, M.~A. and {Michilli}, D. and
	{Paragi}, Z. and {Ransom}, S.~M. and {Seymour}, A. and {Tendulkar}, S.~P. and
	{Wharton}, R.~S.},
    title = "{Simultaneous X-Ray, Gamma-Ray, and Radio Observations of the Repeating Fast Radio Burst FRB 121102}",
  journal = {\apj},
archivePrefix = "arXiv",
   eprint = {1705.07824},
 primaryClass = "astro-ph.HE",
 keywords = {gamma rays: general, stars: neutron, X-rays: bursts, X-rays: general },
     year = 2017,
    month = sep,
   volume = 846,
      eid = {80},
    pages = {80},
      doi = {10.3847/1538-4357/aa8456},
   adsurl = {http://adsabs.harvard.edu/abs/2017ApJ...846...80S},
  adsnote = {Provided by the SAO/NASA Astrophysics Data System}
}

@ARTICLE{Han03,
   author = {{Hankins}, T.~H. and {Kern}, J.~S. and {Weatherall}, J.~C. and
	{Eilek}, J.~A.},
    title = "{Nanosecond radio bursts from strong plasma turbulence in the Crab pulsar}",
  journal = {\nat},
     year = 2003,
    month = mar,
   volume = 422,
    pages = {141-143},
      doi = {10.1038/nature01477},
   adsurl = {http://adsabs.harvard.edu/abs/2003Natur.422..141H},
  adsnote = {Provided by the SAO/NASA Astrophysics Data System}
}

@ARTICLE{Bow03,
   author = {{Bower}, G.~C. and {Wright}, M.~C.~H. and {Falcke}, H. and {Backer}, D.~C.
	},
    title = "{Interferometric Detection of Linear Polarization from Sagittarius A* at 230 GHz}",
  journal = {\apj},
   eprint = {astro-ph/0302227},
 keywords = {Galaxies: Active, Galaxy: Center, Polarization, Radiation Mechanisms: Nonthermal, Scattering},
     year = 2003,
    month = may,
   volume = 588,
    pages = {331-337},
      doi = {10.1086/373989},
   adsurl = {http://adsabs.harvard.edu/abs/2003ApJ...588..331B},
  adsnote = {Provided by the SAO/NASA Astrophysics Data System}
}

@ARTICLE{Eat13,
   author = {{Eatough}, R.~P. and {Falcke}, H. and {Karuppusamy}, R. and
	{Lee}, K.~J. and {Champion}, D.~J. and {Keane}, E.~F. and {Desvignes}, G. and
	{Schnitzeler}, D.~H.~F.~M. and {Spitler}, L.~G. and {Kramer}, M. and
	{Klein}, B. and {Bassa}, C. and {Bower}, G.~C. and {Brunthaler}, A. and
	{Cognard}, I. and {Deller}, A.~T. and {Demorest}, P.~B. and
	{Freire}, P.~C.~C. and {Kraus}, A. and {Lyne}, A.~G. and {Noutsos}, A. and
	{Stappers}, B. and {Wex}, N.},
    title = "{A strong magnetic field around the supermassive black hole at the centre of the Galaxy}",
  journal = {\nat},
archivePrefix = "arXiv",
   eprint = {1308.3147},
 primaryClass = "astro-ph.GA",
     year = 2013,
    month = sep,
   volume = 501,
    pages = {391-394},
      doi = {10.1038/nature12499},
   adsurl = {http://adsabs.harvard.edu/abs/2013Natur.501..391E},
  adsnote = {Provided by the SAO/NASA Astrophysics Data System}
}

@ARTICLE{Sha13,
   author = {{Shannon}, R.~M. and {Johnston}, S.},
    title = "{Radio properties of the magnetar near Sagittarius A* from observations with the Australia Telescope Compact Array}",
  journal = {\mnras},
archivePrefix = "arXiv",
   eprint = {1305.3036},
 primaryClass = "astro-ph.HE",
 keywords = {pulsars: individual: PSR J1745-2900, ISM: structure, Galaxy: centre},
     year = 2013,
    month = aug,
   volume = 435,
    pages = {L29-L32},
      doi = {10.1093/mnrasl/slt088},
   adsurl = {http://adsabs.harvard.edu/abs/2013MNRAS.435L..29S},
  adsnote = {Provided by the SAO/NASA Astrophysics Data System}
}

@INPROCEEDINGS{Yua07,
   author = {{Yuan}, F.},
    title = "{Advection-dominated Accretion: From Sgr A* to Other Low-luminosity AGNs}",
booktitle = {The Central Engine of Active Galactic Nuclei},
     year = 2007,
   series = {Astronomical Society of the Pacific Conference Series},
   volume = 373,
   eprint = {astro-ph/0701638},
   editor = {{Ho}, L.~C. and {Wang}, J.-W.},
    month = oct,
    pages = {95},
   adsurl = {http://adsabs.harvard.edu/abs/2007ASPC..373...95Y},
  adsnote = {Provided by the SAO/NASA Astrophysics Data System}
}

@ARTICLE{Met17,
   author = {{Metzger}, B.~D. and {Berger}, E. and {Margalit}, B.},
    title = "{Millisecond Magnetar Birth Connects FRB 121102 to Superluminous Supernovae and Long-duration Gamma-Ray Bursts}",
  journal = {\apj},
archivePrefix = "arXiv",
   eprint = {1701.02370},
 primaryClass = "astro-ph.HE",
 keywords = {galaxies: active, gamma-ray burst: general, stars: magnetars, stars: neutron, supernovae: general},
     year = 2017,
    month = may,
   volume = 841,
      eid = {14},
    pages = {14},
      doi = {10.3847/1538-4357/aa633d},
   adsurl = {http://adsabs.harvard.edu/abs/2017ApJ...841...14M},
  adsnote = {Provided by the SAO/NASA Astrophysics Data System}
}

@ARTICLE{Vie17,
   author = {{Vieyro}, F.~L. and {Romero}, G.~E. and {Bosch-Ramon}, V. and
	{Marcote}, B. and {del Valle}, M.~V.},
    title = "{A model for the repeating FRB 121102 in the AGN scenario}",
  journal = {\aap},
archivePrefix = "arXiv",
   eprint = {1704.08097},
 primaryClass = "astro-ph.HE",
 keywords = {radio continuum: general, galaxies: dwarf, galaxies: jets, radiation mechanisms: non-thermal},
     year = 2017,
    month = jun,
   volume = 602,
      eid = {A64},
    pages = {A64},
      doi = {10.1051/0004-6361/201730556},
   adsurl = {http://adsabs.harvard.edu/abs/2017A%26A...602A..64V},
  adsnote = {Provided by the SAO/NASA Astrophysics Data System}
}

@ARTICLE{Cor16a,
   author = {{Cordes}, J.~M. and {Wasserman}, I.},
    title = "{Supergiant pulses from extragalactic neutron stars}",
  journal = {\mnras},
archivePrefix = "arXiv",
   eprint = {1501.00753},
 primaryClass = "astro-ph.HE",
 keywords = {gravitational lensing: micro, relativistic processes, stars: neutron},
     year = 2016,
    month = mar,
   volume = 457,
    pages = {232-257},
      doi = {10.1093/mnras/stv2948},
   adsurl = {http://adsabs.harvard.edu/abs/2016MNRAS.457..232C},
  adsnote = {Provided by the SAO/NASA Astrophysics Data System}
}

@ARTICLE{Con16,
   author = {{Connor}, L. and {Sievers}, J. and {Pen}, U.-L.},
    title = "{Non-cosmological FRBs from young supernova remnant pulsars}",
  journal = {\mnras},
archivePrefix = "arXiv",
   eprint = {1505.05535},
 primaryClass = "astro-ph.HE",
 keywords = {pulsars: general, supernovae: general},
     year = 2016,
    month = may,
   volume = 458,
    pages = {L19-L23},
      doi = {10.1093/mnrasl/slv124},
   adsurl = {http://adsabs.harvard.edu/abs/2016MNRAS.458L..19C},
  adsnote = {Provided by the SAO/NASA Astrophysics Data System}
}

@ARTICLE{Mas15,
   author = {{Masui}, K. and {Lin}, H.-H. and {Sievers}, J. and {Anderson}, C.~J. and
	{Chang}, T.-C. and {Chen}, X. and {Ganguly}, A. and {Jarvis}, M. and
	{Kuo}, C.-Y. and {Li}, Y.-C. and {Liao}, Y.-W. and {McLaughlin}, M. and
	{Pen}, U.-L. and {Peterson}, J.~B. and {Roman}, A. and {Timbie}, P.~T. and
	{Voytek}, T. and {Yadav}, J.~K.},
    title = "{Dense magnetized plasma associated with a fast radio burst}",
  journal = {\nat},
archivePrefix = "arXiv",
   eprint = {1512.00529},
 primaryClass = "astro-ph.HE",
     year = 2015,
    month = dec,
   volume = 528,
    pages = {523-525},
      doi = {10.1038/nature15769},
   adsurl = {http://adsabs.harvard.edu/abs/2015Natur.528..523M},
  adsnote = {Provided by the SAO/NASA Astrophysics Data System}
}

@ARTICLE{Par17,
   author = {{Parfrey}, K. and {Spitkovsky}, A. and {Beloborodov}, A.~M.},
    title = "{Simulations of the magnetospheres of accreting millisecond pulsars}",
  journal = {\mnras},
archivePrefix = "arXiv",
   eprint = {1608.04159},
 primaryClass = "astro-ph.HE",
 keywords = {accretion, accretion discs, magnetic fields, stars: neutron, pulsars: general, X-rays: binaries},
     year = 2017,
    month = aug,
   volume = 469,
    pages = {3656-3669},
      doi = {10.1093/mnras/stx950},
   adsurl = {http://adsabs.harvard.edu/abs/2017MNRAS.469.3656P},
  adsnote = {Provided by the SAO/NASA Astrophysics Data System}
}

@ARTICLE{Pen15,
   author = {{Pen}, U.-L. and {Connor}, L.},
    title = "{Local Circumnuclear Magnetar Solution to Extragalactic Fast Radio Bursts}",
  journal = {\apj},
archivePrefix = "arXiv",
   eprint = {1501.01341},
 primaryClass = "astro-ph.HE",
 keywords = {Galaxy: center, pulsars: general, stars: magnetars},
     year = 2015,
    month = jul,
   volume = 807,
      eid = {179},
    pages = {179},
      doi = {10.1088/0004-637X/807/2/179},
   adsurl = {http://adsabs.harvard.edu/abs/2015ApJ...807..179P},
  adsnote = {Provided by the SAO/NASA Astrophysics Data System}
}

@ARTICLE{Pet16,
   author = {{Petroff}, E. and {Barr}, E.~D. and {Jameson}, A. and {Keane}, E.~F. and
	{Bailes}, M. and {Kramer}, M. and {Morello}, V. and {Tabbara}, D. and
	{van Straten}, W.},
    title = "{FRBCAT: The Fast Radio Burst Catalogue}",
  journal = {\pasa},
archivePrefix = "arXiv",
   eprint = {1601.03547},
 primaryClass = "astro-ph.HE",
 keywords = {catalogs, methods: data analysis, telescopes},
     year = 2016,
    month = sep,
   volume = 33,
      eid = {e045},
    pages = {e045},
      doi = {10.1017/pasa.2016.35},
   adsurl = {http://adsabs.harvard.edu/abs/2016PASA...33...45P},
  adsnote = {Provided by the SAO/NASA Astrophysics Data System}
}

@ARTICLE{Pet15a,
   author = {{Petroff}, E. and {Bailes}, M. and {Barr}, E.~D. and {Barsdell}, B.~R. and
	{Bhat}, N.~D.~R. and {Bian}, F. and {Burke-Spolaor}, S. and
	{Caleb}, M. and {Champion}, D. and {Chandra}, P. and {Da Costa}, G. and
	{Delvaux}, C. and {Flynn}, C. and {Gehrels}, N. and {Greiner}, J. and
	{Jameson}, A. and {Johnston}, S. and {Kasliwal}, M.~M. and {Keane}, E.~F. and
	{Keller}, S. and {Kocz}, J. and {Kramer}, M. and {Leloudas}, G. and
	{Malesani}, D. and {Mulchaey}, J.~S. and {Ng}, C. and {Ofek}, E.~O. and
	{Perley}, D.~A. and {Possenti}, A. and {Schmidt}, B.~P. and
	{Shen}, Y. and {Stappers}, B. and {Tisserand}, P. and {van Straten}, W. and
	{Wolf}, C.},
    title = "{A real-time fast radio burst: polarization detection and multiwavelength follow-up}",
  journal = {\mnras},
archivePrefix = "arXiv",
   eprint = {1412.0342},
 primaryClass = "astro-ph.HE",
 keywords = {polarization, radiation mechanisms: general, intergalactic medium, radio continuum: general},
     year = 2015,
    month = feb,
   volume = 447,
    pages = {246-255},
      doi = {10.1093/mnras/stu2419},
   adsurl = {http://adsabs.harvard.edu/abs/2015MNRAS.447..246P},
  adsnote = {Provided by the SAO/NASA Astrophysics Data System}
}

@ARTICLE{Pet15b,
   author = {{Petroff}, E. and {Johnston}, S. and {Keane}, E.~F. and {van Straten}, W. and
	{Bailes}, M. and {Barr}, E.~D. and {Barsdell}, B.~R. and {Burke-Spolaor}, S. and
	{Caleb}, M. and {Champion}, D.~J. and {Flynn}, C. and {Jameson}, A. and
	{Kramer}, M. and {Ng}, C. and {Possenti}, A. and {Stappers}, B.~W.
	},
    title = "{A survey of FRB fields: limits on repeatability}",
  journal = {\mnras},
archivePrefix = "arXiv",
   eprint = {1508.04884},
 primaryClass = "astro-ph.HE",
 keywords = {methods: observational, stars: magnetars, pulsars: general, radio continuum: stars},
     year = 2015,
    month = nov,
   volume = 454,
    pages = {457-462},
      doi = {10.1093/mnras/stv1953},
   adsurl = {http://adsabs.harvard.edu/abs/2015MNRAS.454..457P},
  adsnote = {Provided by the SAO/NASA Astrophysics Data System}
}

@ARTICLE{Rei15,
   author = {{Reines}, A.~E. and {Volonteri}, M.},
    title = "{Relations between Central Black Hole Mass and Total Galaxy Stellar Mass in the Local Universe}",
  journal = {\apj},
archivePrefix = "arXiv",
   eprint = {1508.06274},
 keywords = {galaxies: active, galaxies: evolution, galaxies: nuclei, galaxies: Seyfert},
     year = 2015,
    month = nov,
   volume = 813,
      eid = {82},
    pages = {82},
      doi = {10.1088/0004-637X/813/2/82},
   adsurl = {http://adsabs.harvard.edu/abs/2015ApJ...813...82R},
  adsnote = {Provided by the SAO/NASA Astrophysics Data System}
}

@ARTICLE{Pla14,
   author = {{Plambeck}, R.~L. and {Bower}, G.~C. and {Rao}, R. and {Marrone}, D.~P. and
	{Jorstad}, S.~G. and {Marscher}, A.~P. and {Doeleman}, S.~S. and
	{Fish}, V.~L. and {Johnson}, M.~D.},
    title = "{Probing the Parsec-scale Accretion Flow of 3C 84 with Millimeter Wavelength Polarimetry}",
  journal = {\apj},
archivePrefix = "arXiv",
   eprint = {1410.5887},
 keywords = {accretion, accretion disks, galaxies: active, galaxies: individual: 3C 84, galaxies: jets, polarization},
     year = 2014,
    month = dec,
   volume = 797,
      eid = {66},
    pages = {66},
      doi = {10.1088/0004-637X/797/1/66},
   adsurl = {http://adsabs.harvard.edu/abs/2014ApJ...797...66P},
  adsnote = {Provided by the SAO/NASA Astrophysics Data System}
}

@ARTICLE{Pir16,
   author = {{Piro}, A.~L.},
    title = "{The Impact of a Supernova Remnant on Fast Radio Bursts}",
  journal = {\apjl},
archivePrefix = "arXiv",
   eprint = {1604.04909},
 primaryClass = "astro-ph.HE",
 keywords = {pulsars: general, radio continuum: general, stars: magnetic field, stars: neutron},
     year = 2016,
    month = jun,
   volume = 824,
      eid = {L32},
    pages = {L32},
      doi = {10.3847/2041-8205/824/2/L32},
   adsurl = {http://adsabs.harvard.edu/abs/2016ApJ...824L..32P},
  adsnote = {Provided by the SAO/NASA Astrophysics Data System}
}

@ARTICLE{Bow17,
   author = {{Bower}, G.~C. and {Dexter}, J. and {Markoff}, S. and {Rao}, R. and
	{Plambeck}, R.~L.},
    title = "{What Is the Hidden Depolarization Mechanism in Low-luminosity AGNs?}",
  journal = {\apjl},
archivePrefix = "arXiv",
   eprint = {1707.00066},
 primaryClass = "astro-ph.HE",
 keywords = {accretion, accretion disks, black hole physics, galaxies: active, galaxies: jets},
     year = 2017,
    month = jul,
   volume = 843,
      eid = {L31},
    pages = {L31},
      doi = {10.3847/2041-8213/aa7b2e},
   adsurl = {http://cdsads.u-strasbg.fr/abs/2017ApJ...843L..31B},
  adsnote = {Provided by the SAO/NASA Astrophysics Data System}
}

@ARTICLE{Ter03,
   author = {{Terashima}, Y. and {Wilson}, A.~S.},
    title = "{Chandra Snapshot Observations of Low-Luminosity Active Galactic Nuclei with a Compact Radio Source}",
  journal = {\apj},
   eprint = {astro-ph/0209607},
 keywords = {Accretion, Accretion Disks, Galaxies: Active, Galaxies: Nuclei, Radio Continuum: Galaxies, X-Rays: Galaxies},
     year = 2003,
    month = jan,
   volume = 583,
    pages = {145-158},
      doi = {10.1086/345339},
   adsurl = {http://adsabs.harvard.edu/abs/2003ApJ...583..145T},
  adsnote = {Provided by the SAO/NASA Astrophysics Data System}
}

@ARTICLE{Gas11,
   author = {{de Gasperin}, F. and {Merloni}, A. and {Sell}, P. and {Best}, P. and
	{Heinz}, S. and {Kauffmann}, G.},
    title = "{Testing black hole jet scaling relations in low-luminosity active galactic nuclei}",
  journal = {\mnras},
archivePrefix = "arXiv",
   eprint = {1104.3575},
 keywords = {galaxies: active, galaxies: jets, galaxies: nuclei},
     year = 2011,
    month = aug,
   volume = 415,
    pages = {2910-2919},
      doi = {10.1111/j.1365-2966.2011.18904.x},
   adsurl = {http://adsabs.harvard.edu/abs/2011MNRAS.415.2910D},
  adsnote = {Provided by the SAO/NASA Astrophysics Data System}
}

@ARTICLE{Nyl17,
   author = {{Nyland}, K. and {Davis}, T.~A. and {Nguyen}, D.~D. and {Seth}, A. and
	{Wrobel}, J.~M. and {Kamble}, A. and {Lacy}, M. and {Alatalo}, K. and
	{Karovska}, M. and {Maksym}, W.~P. and {Mukherjee}, D. and {Young}, L.~M.
	},
    title = "{A Multi-wavelength Study of the Turbulent Central Engine of the Low-mass AGN Hosted by NGC 404}",
  journal = {\apj},
archivePrefix = "arXiv",
   eprint = {1707.02303},
 keywords = {galaxies: active, galaxies: dwarf, galaxies: individual: NGC 404, galaxies: nuclei, radio continuum: galaxies},
     year = 2017,
    month = aug,
   volume = 845,
      eid = {50},
    pages = {50},
      doi = {10.3847/1538-4357/aa7ecf},
   adsurl = {http://adsabs.harvard.edu/abs/2017ApJ...845...50N},
  adsnote = {Provided by the SAO/NASA Astrophysics Data System}
}

@ARTICLE{Lyu14,
   author = {{Lyubarsky}, Y.},
    title = "{A model for fast extragalactic radio bursts}",
  journal = {\mnras},
archivePrefix = "arXiv",
   eprint = {1401.6674},
 primaryClass = "astro-ph.HE",
 keywords = {magnetic fields, masers, radiation mechanisms: non-thermal, shock waves, stars: neutron},
     year = 2014,
    month = jul,
   volume = 442,
    pages = {L9-L13},
      doi = {10.1093/mnrasl/slu046},
   adsurl = {http://adsabs.harvard.edu/abs/2014MNRAS.442L...9L},
  adsnote = {Provided by the SAO/NASA Astrophysics Data System}
}

@ARTICLE{Ghi17,
   author = {{Ghisellini}, G.},
    title = "{Synchrotron masers and fast radio bursts}",
  journal = {\mnras},
archivePrefix = "arXiv",
   eprint = {1609.04815},
 primaryClass = "astro-ph.HE",
 keywords = {masers, radiation mechanisms: non-thermal, radio continuum: general},
     year = 2017,
    month = feb,
   volume = 465,
    pages = {L30-L33},
      doi = {10.1093/mnrasl/slw202},
   adsurl = {http://adsabs.harvard.edu/abs/2017MNRAS.465L..30G},
  adsnote = {Provided by the SAO/NASA Astrophysics Data System}
}

@ARTICLE{Rav16,
   author = {{Ravi}, V. and {Shannon}, R.~M. and {Bailes}, M. and {Bannister}, K. and
	{Bhandari}, S. and {Bhat}, N.~D.~R. and {Burke-Spolaor}, S. and
	{Caleb}, M. and {Flynn}, C. and {Jameson}, A. and {Johnston}, S. and
	{Keane}, E.~F. and {Kerr}, M. and {Tiburzi}, C. and {Tuntsov}, A.~V. and
	{Vedantham}, H.~K.},
    title = "{The magnetic field and turbulence of the cosmic web measured using a brilliant fast radio burst}",
  journal = {Science},
archivePrefix = "arXiv",
   eprint = {1611.05758},
 primaryClass = "astro-ph.HE",
     year = 2016,
    month = dec,
   volume = 354,
    pages = {1249-1252},
      doi = {10.1126/science.aaf6807},
   adsurl = {http://adsabs.harvard.edu/abs/2016Sci...354.1249R},
  adsnote = {Provided by the SAO/NASA Astrophysics Data System}
}

@ARTICLE{Sic17,
   author = {{Sicheneder}, E. and {Dexter}, J.},
    title = "{A single H II region model of the strong interstellar scattering towards Sgr A*}",
  journal = {\mnras},
archivePrefix = "arXiv",
   eprint = {1612.04819},
 keywords = {scattering, pulsars: individual (J745-2900), H II regions, Galaxy: centre},
     year = 2017,
    month = may,
   volume = 467,
    pages = {3642-3647},
      doi = {10.1093/mnras/stx103},
   adsurl = {http://adsabs.harvard.edu/abs/2017MNRAS.467.3642S},
  adsnote = {Provided by the SAO/NASA Astrophysics Data System}
}

@ARTICLE{Schni16,
   author = {{Schnitzeler}, D.~H.~F.~M. and {Eatough}, R.~P. and {Ferri{\`e}re}, K. and
	{Kramer}, M. and {Lee}, K.~J. and {Noutsos}, A. and {Shannon}, R.~M.
	},
    title = "{Radio polarimetry of Galactic Centre pulsars}",
  journal = {\mnras},
archivePrefix = "arXiv",
   eprint = {1604.05322},
 keywords = {pulsars: individual: PSR J1746-2849, pulsars: individual: PSR J1745-2900, pulsars: individual: PSR J1746-2856, pulsars: individual: PSR J1745-2912, ISM: magnetic fields, Galaxy: centre},
     year = 2016,
    month = jul,
   volume = 459,
    pages = {3005-3011},
      doi = {10.1093/mnras/stw841},
   adsurl = {http://adsabs.harvard.edu/abs/2016MNRAS.459.3005S},
  adsnote = {Provided by the SAO/NASA Astrophysics Data System}
}

@ARTICLE{Jon06,
   author = {{Johnston}, S. and {Kramer}, M. and {Lorimer}, D.~R. and {Lyne}, A.~G. and
	{McLaughlin}, M. and {Klein}, B. and {Manchester}, R.~N.},
    title = "{Discovery of two pulsars towards the Galactic Centre}",
  journal = {\mnras},
   eprint = {astro-ph/0606465},
 keywords = {pulsars: general, pulsars: individual: J1745-2912, pulsars: individual: J1746-2856},
     year = 2006,
    month = nov,
   volume = 373,
    pages = {L6-L10},
      doi = {10.1111/j.1745-3933.2006.00232.x},
   adsurl = {http://adsabs.harvard.edu/abs/2006MNRAS.373L...6J},
  adsnote = {Provided by the SAO/NASA Astrophysics Data System}
}

@ARTICLE{Den09,
   author = {{Deneva}, J.~S. and {Cordes}, J.~M. and {Lazio}, T.~J.~W.},
    title = "{Discovery of Three Pulsars from a Galactic Center Pulsar Population}",
  journal = {\apjl},
archivePrefix = "arXiv",
   eprint = {0908.1331},
 primaryClass = "astro-ph.SR",
 keywords = {pulsars: general, pulsars: individual: J1746{\ndash}2850I J1746{\ndash}2850II J1745{\ndash}2910},
     year = 2009,
    month = sep,
   volume = 702,
    pages = {L177-L181},
      doi = {10.1088/0004-637X/702/2/L177},
   adsurl = {http://adsabs.harvard.edu/abs/2009ApJ...702L.177D},
  adsnote = {Provided by the SAO/NASA Astrophysics Data System}
}

@ARTICLE{Man05,
   author = {{Manchester}, R.~N. and {Hobbs}, G.~B. and {Teoh}, A. and {Hobbs}, M.
	},
    title = "{The Australia Telescope National Facility Pulsar Catalogue}",
  journal = {\aj},
   eprint = {astro-ph/0412641},
 keywords = {Catalogs, Stars: Pulsars: General},
     year = 2005,
    month = apr,
   volume = 129,
    pages = {1993-2006},
      doi = {10.1086/428488},
   adsurl = {http://adsabs.harvard.edu/abs/2005AJ....129.1993M},
  adsnote = {Provided by the SAO/NASA Astrophysics Data System}
}

@ARTICLE{Ber06,
   author = {{Berkhuijsen}, E.~M. and {Mitra}, D. and {Mueller}, P.},
    title = "{Filling factors and scale heights of the diffuse ionized gas in the Milky Way}",
  journal = {Astronomische Nachrichten},
   eprint = {astro-ph/0511172},
 keywords = {Galaxy: disk, ISM: H II regions, ISM: clouds, ISM: structure},
     year = 2006,
    month = jan,
   volume = 327,
    pages = {82-96},
      doi = {10.1002/asna.200510488},
   adsurl = {http://adsabs.harvard.edu/abs/2006AN....327...82B},
  adsnote = {Provided by the SAO/NASA Astrophysics Data System}
}

@ARTICLE{Cor16b,
   author = {{Cordes}, J.~M. and {Wharton}, R.~S. and {Spitler}, L.~G. and
	{Chatterjee}, S. and {Wasserman}, I.},
    title = "{Radio Wave Propagation and the Provenance of Fast Radio Bursts}",
  journal = {ArXiv e-prints},
archivePrefix = "arXiv",
   eprint = {1605.05890},
 primaryClass = "astro-ph.HE",
 keywords = {Astrophysics - High Energy Astrophysical Phenomena},
     year = 2016,
    month = may,
   adsurl = {http://adsabs.harvard.edu/abs/2016arXiv160505890C},
  adsnote = {Provided by the SAO/NASA Astrophysics Data System}
}

@ARTICLE{Haf09,
   author = {{Haffner}, L.~M. and {Dettmar}, R.-J. and {Beckman}, J.~E. and
	{Wood}, K. and {Slavin}, J.~D. and {Giammanco}, C. and {Madsen}, G.~J. and
	{Zurita}, A. and {Reynolds}, R.~J.},
    title = "{The warm ionized medium in spiral galaxies}",
  journal = {Reviews of Modern Physics},
archivePrefix = "arXiv",
   eprint = {0901.0941},
 keywords = {Characteristics and properties of the Milky Way galaxy, Interstellar medium  and nebulae in Milky Way, Interstellar medium  and nebulae in external galaxies, Atomic processes and interactions},
     year = 2009,
    month = jul,
   volume = 81,
    pages = {969-997},
      doi = {10.1103/RevModPhys.81.969},
   adsurl = {http://adsabs.harvard.edu/abs/2009RvMP...81..969H},
  adsnote = {Provided by the SAO/NASA Astrophysics Data System}
}

@ARTICLE{Hil08,
   author = {{Hill}, A.~S. and {Benjamin}, R.~A. and {Kowal}, G. and {Reynolds}, R.~J. and
	{Haffner}, L.~M. and {Lazarian}, A.},
    title = "{The Turbulent Warm Ionized Medium: Emission Measure Distribution and MHD Simulations}",
  journal = {\apj},
archivePrefix = "arXiv",
   eprint = {0805.0155},
 keywords = {ISM: structure, MHD, turbulence},
     year = 2008,
    month = oct,
   volume = 686,
      eid = {363-378},
    pages = {363-378},
      doi = {10.1086/590543},
   adsurl = {http://adsabs.harvard.edu/abs/2008ApJ...686..363H},
  adsnote = {Provided by the SAO/NASA Astrophysics Data System}
}

@ARTICLE{McQ14,
   author = {{McQuinn}, M.},
    title = "{Locating the ``Missing'' Baryons with Extragalactic Dispersion Measure Estimates}",
  journal = {\apjl},
archivePrefix = "arXiv",
   eprint = {1309.4451},
 keywords = {cosmology: theory, intergalactic medium, large-scale structure of universe, radio continuum: general},
     year = 2014,
    month = jan,
   volume = 780,
      eid = {L33},
    pages = {L33},
      doi = {10.1088/2041-8205/780/2/L33},
   adsurl = {http://adsabs.harvard.edu/abs/2014ApJ...780L..33M},
  adsnote = {Provided by the SAO/NASA Astrophysics Data System}
}

@ARTICLE{Rey77,
   author = {{Reynolds}, R.~J.},
    title = "{Pulsar dispersion measures and H-alpha emission measures - Limits on the electron density and filling factor for the ionized interstellar gas}",
  journal = {\apj},
 keywords = {Astronomical Spectroscopy, Emission Spectra, H Alpha Line, Interstellar Gas, Pulsars, Astronomical Catalogs, Electron Density (Concentration), Fabry-Perot Spectrometers, Ionized Gases, Latitude},
     year = 1977,
    month = sep,
   volume = 216,
    pages = {433-439},
      doi = {10.1086/155484},
   adsurl = {http://adsabs.harvard.edu/abs/1977ApJ...216..433R},
  adsnote = {Provided by the SAO/NASA Astrophysics Data System}
}

@ARTICLE{Sil17,
   author = {{Silk}, J.},
    title = "{Feedback by Massive Black Holes in Gas-rich Dwarf Galaxies}",
  journal = {\apjl},
archivePrefix = "arXiv",
   eprint = {1703.08553},
 keywords = {galaxies: active, galaxies: dwarf, galaxies: formation},
     year = 2017,
    month = apr,
   volume = 839,
      eid = {L13},
    pages = {L13},
      doi = {10.3847/2041-8213/aa67da},
   adsurl = {http://adsabs.harvard.edu/abs/2017ApJ...839L..13S},
  adsnote = {Provided by the SAO/NASA Astrophysics Data System}
}

@ARTICLE{Mac17,
   author = {{MacMahon}, D.~H.~E. and {Price}, D.~C. and {Lebofsky}, M. and
	{Siemion}, A.~P.~V. and {Croft}, S. and {DeBoer}, D. and {Enriquez}, J.~E. and
	{Gajjar}, V. and {Hellbourg}, G. and {Isaacson}, H. and {Werthimer}, D. and
	{Abdurashidova}, Z. and {Bloss}, M. and {Creager}, R. and {Ford}, J. and
	{Lynch}, R.~S. and {Maddalena}, R.~J. and {McCullough}, R. and
	{Ray}, J. and {Whitehead}, M. and {Woody}, D.},
    title = "{The Breakthrough Listen Search for Intelligent Life: A Wideband Data Recorder System for the Robert C. Byrd Green Bank Telescope}",
  journal = {ArXiv e-prints},
archivePrefix = "arXiv",
   eprint = {1707.06024},
 primaryClass = "astro-ph.IM",
 keywords = {Astrophysics - Instrumentation and Methods for Astrophysics},
     year = 2017,
    month = jul,
   adsurl = {http://adsabs.harvard.edu/abs/2017arXiv170706024M},
  adsnote = {Provided by the SAO/NASA Astrophysics Data System}
}

@ARTICLE{Isa17,
   author = {{Isaacson}, H. and {Siemion}, A.~P.~V. and {Marcy}, G.~W. and
	{Lebofsky}, M. and {Price}, D.~C. and {MacMahon}, D. and {Croft}, S. and
	{DeBoer}, D. and {Hickish}, J. and {Werthimer}, D. and {Sheikh}, S. and
	{Hellbourg}, G. and {Enriquez}, J.~E.},
    title = "{The Breakthrough Listen Search for Intelligent Life: Target Selection of Nearby Stars and Galaxies}",
  journal = PASA,
archivePrefix = "arXiv",
   eprint = {1701.06227},
 primaryClass = "astro-ph.IM",
     year = 2017,
    month = may,
   volume = 129,
   number = 5,
    pages = {054501},
      doi = {10.1088/1538-3873/aa5800},
   adsurl = {http://adsabs.harvard.edu/abs/2017PASP..129e4501I},
  adsnote = {Provided by the SAO/NASA Astrophysics Data System}
}

@article{Wor17,
title = "Breakthrough Listen: A new search for life in the universe",
journal = "Acta Astronautica",
volume = "139",
number = "Supplement C",
pages = "98 - 101",
year = "2017",
issn = "0094-5765",
doi = "https://doi.org/10.1016/j.actaastro.2017.06.008",
url = "http://www.sciencedirect.com/science/article/pii/S0094576517303144",
author = "S. Pete Worden and Jamie Drew and Andrew Siemion and Dan Werthimer and David DeBoer and Steve Croft and David MacMahon and Matt Lebofsky and Howard Isaacson and Jack Hickish and Danny Price and Vishal Gajjar and Jason T. Wright"
}

@ARTICLE{Bar12,
   author = {{Barsdell}, B.~R. and {Bailes}, M. and {Barnes}, D.~G. and {Fluke}, C.~J.
	},
    title = "{Accelerating incoherent dedispersion}",
  journal = MNRAS,
archivePrefix = "arXiv",
   eprint = {1201.5380},
 primaryClass = "astro-ph.IM",
 keywords = {methods: data analysis, pulsars: general},
     year = 2012,
    month = may,
   volume = 422,
    pages = {379-392},
      doi = {10.1111/j.1365-2966.2012.20622.x},
   adsurl = {http://adsabs.harvard.edu/abs/2012MNRAS.422..379B},
  adsnote = {Provided by the SAO/NASA Astrophysics Data System}
}

@ARTICLE{Gaj17,
   author = {{Gajjar},, V. and {Siemion}, A.~P.~V. and {MacMahon}, D.~H.~E. and
	{Croft}, S. and {Hellbourg}, G. and {Isaacson}, H. and {Enriquez}, J.~E. and
	{Price}, D.~C. and {Lebofsky}, M. and {DeBoer}, D. and {Werthimer}, D. and
	{Hickish}, J. and {Brinkman}, C. and {Chatterjee}, S. and {Ransom}, S.
	},
    title = "{FRB 121102: Detection at 4 - 8 GHz band with Breakthrough Listen backend at Green Bank}",
  journal = {The Astronomer's Telegram},
 keywords = {Transient, Fast Radio Burst},
     year = 2017,
    month = aug,
   volume = 10675,
   adsurl = {http://adsabs.harvard.edu/abs/2017ATel10675....1G},
  adsnote = {Provided by the SAO/NASA Astrophysics Data System}
}

@ARTICLE{Str11,
   author = {{van Straten}, W. and {Bailes}, M.},
    title = "{DSPSR: Digital Signal Processing Software for Pulsar Astronomy}",
  journal = {\pasa},
archivePrefix = "arXiv",
   eprint = {1008.3973},
 primaryClass = "astro-ph.IM",
 keywords = {methods: data analysis, polarisation, pulsars: general, techniques: polarimetric},
     year = 2011,
    month = jan,
   volume = 28,
    pages = {1-14},
      doi = {10.1071/AS10021},
   adsurl = {http://adsabs.harvard.edu/abs/2011PASA...28....1V},
  adsnote = {Provided by the SAO/NASA Astrophysics Data System}
}

@ARTICLE{Str12,
   author = {{van Straten}, W. and {Demorest}, P. and {Oslowski}, S.},
    title = "{Pulsar Data Analysis with PSRCHIVE}",
  journal = {Astronomical Research and Technology},
archivePrefix = "arXiv",
   eprint = {1205.6276},
 primaryClass = "astro-ph.IM",
 keywords = {pulsar, data analysis, software},
     year = 2012,
    month = jul,
   volume = 9,
    pages = {237-256},
   adsurl = {http://adsabs.harvard.edu/abs/2012AR%26T....9..237V},
  adsnote = {Provided by the SAO/NASA Astrophysics Data System}
}

@ARTICLE{Qua99,
   author = {{Quataert}, E. and {Narayan}, R. and {Reid}, M.~J.},
    title = "{What Is the Accretion Rate in Sagittarius A*?}",
  journal = {\apjl},
   eprint = {astro-ph/9903412},
 keywords = {ACCRETION, ACCRETION DISKS, BLACK HOLE PHYSICS, GALAXY: CENTER, Accretion, Accretion Disks, Black Hole Physics, Galaxy: Center},
     year = 1999,
    month = jun,
   volume = 517,
    pages = {L101-L104},
      doi = {10.1086/312035},
   adsurl = {http://adsabs.harvard.edu/abs/1999ApJ...517L.101Q},
  adsnote = {Provided by the SAO/NASA Astrophysics Data System}
}

@ARTICLE{Bac14,
   author = {{Bachetti}, M. and {Harrison}, F.~A. and {Walton}, D.~J. and
	{Grefenstette}, B.~W. and {Chakrabarty}, D. and {F{\"u}rst}, F. and
	{Barret}, D. and {Beloborodov}, A. and {Boggs}, S.~E. and {Christensen}, F.~E. and
	{Craig}, W.~W. and {Fabian}, A.~C. and {Hailey}, C.~J. and {Hornschemeier}, A. and
	{Kaspi}, V. and {Kulkarni}, S.~R. and {Maccarone}, T. and {Miller}, J.~M. and
	{Rana}, V. and {Stern}, D. and {Tendulkar}, S.~P. and {Tomsick}, J. and
	{Webb}, N.~A. and {Zhang}, W.~W.},
    title = "{An ultraluminous X-ray source powered by an accreting neutron star}",
  journal = {\nat},
archivePrefix = "arXiv",
   eprint = {1410.3590},
 primaryClass = "astro-ph.HE",
     year = 2014,
    month = oct,
   volume = 514,
    pages = {202-204},
      doi = {10.1038/nature13791},
   adsurl = {http://adsabs.harvard.edu/abs/2014Natur.514..202B},
  adsnote = {Provided by the SAO/NASA Astrophysics Data System}
}

@ARTICLE{Fur16,
   author = {{F{\"u}rst}, F. and {Walton}, D.~J. and {Harrison}, F.~A. and
	{Stern}, D. and {Barret}, D. and {Brightman}, M. and {Fabian}, A.~C. and
	{Grefenstette}, B. and {Madsen}, K.~K. and {Middleton}, M.~J. and
	{Miller}, J.~M. and {Pottschmidt}, K. and {Ptak}, A. and {Rana}, V. and
	{Webb}, N.},
    title = "{Discovery of Coherent Pulsations from the Ultraluminous X-Ray Source NGC 7793 P13}",
  journal = {\apjl},
archivePrefix = "arXiv",
   eprint = {1609.07129},
 primaryClass = "astro-ph.HE",
 keywords = {accretion, accretion disks, pulsars: individual: NGC 7793 P13, stars: neutron, X-rays: binaries},
     year = 2016,
    month = nov,
   volume = 831,
      eid = {L14},
    pages = {L14},
      doi = {10.3847/2041-8205/831/2/L14},
   adsurl = {http://adsabs.harvard.edu/abs/2016ApJ...831L..14F},
  adsnote = {Provided by the SAO/NASA Astrophysics Data System}
}

@ARTICLE{Isr17,
   author = {{Israel}, G.~L. and {Belfiore}, A. and {Stella}, L. and {Esposito}, P. and
	{Casella}, P. and {De Luca}, A. and {Marelli}, M. and {Papitto}, A. and
	{Perri}, M. and {Puccetti}, S. and {Castillo}, G.~A.~R. and
	{Salvetti}, D. and {Tiengo}, A. and {Zampieri}, L. and {D'Agostino}, D. and
	{Greiner}, J. and {Haberl}, F. and {Novara}, G. and {Salvaterra}, R. and
	{Turolla}, R. and {Watson}, M. and {Wilms}, J. and {Wolter}, A.
	},
    title = "{An accreting pulsar with extreme properties drives an ultraluminous x-ray source in NGC 5907}",
  journal = {Science},
archivePrefix = "arXiv",
   eprint = {1609.07375},
 primaryClass = "astro-ph.HE",
     year = 2017,
    month = feb,
   volume = 355,
    pages = {817-819},
      doi = {10.1126/science.aai8635},
   adsurl = {http://adsabs.harvard.edu/abs/2017Sci...355..817I},
  adsnote = {Provided by the SAO/NASA Astrophysics Data System}
}

@ARTICLE{Hes08,
   author = {{Hester}, J.~J.},
    title = "{The Crab Nebula: An Astrophysical Chimera}",
  journal = {\araa},
     year = 2008,
    month = sep,
   volume = 46,
    pages = {127-155},
      doi = {10.1146/annurev.astro.45.051806.110608},
   adsurl = {http://adsabs.harvard.edu/abs/2008ARA%26A..46..127H},
  adsnote = {Provided by the SAO/NASA Astrophysics Data System}
}

@ARTICLE{Kol17,
   author = {{Koliopanos}, F. and {Vasilopoulos}, G. and {Godet}, O. and
	{Bachetti}, M. and {Webb}, N.~A. and {Barret}, D.},
    title = "{ULX spectra revisited: Are accreting, highly magnetized neutron stars the engines of ultraluminous X-ray sources?}",
  journal = {ArXiv e-prints},
archivePrefix = "arXiv",
   eprint = {1710.04953},
 primaryClass = "astro-ph.HE",
 keywords = {Astrophysics - High Energy Astrophysical Phenomena},
     year = 2017,
    month = oct,
   adsurl = {http://adsabs.harvard.edu/abs/2017arXiv171004953K},
  adsnote = {Provided by the SAO/NASA Astrophysics Data System}
}

@article{Wan11,
author = {{Wang}, C. and {Han}, J.~L. and {Lai}, D.},
    title = "{The Faraday rotation in the pulsar magnetosphere}",
  journal = {\mnras},
archivePrefix = "arXiv",
   eprint = {1105.2602},
 primaryClass = "astro-ph.SR",
 keywords = {polarization, radiative transfer, stars: magnetic field, pulsars: general},
     year = 2011,
    month = oct,
   volume = 417,
    pages = {1183-1191}
}

@INPROCEEDINGS{Hav15,
   author = {{Haverkorn}, M.},
    title = "{Magnetic Fields in the Milky Way}",
 keywords = {Physics},
booktitle = {Magnetic Fields in Diffuse Media},
     year = 2015,
   series = {Astrophysics and Space Science Library},
   volume = 407,
archivePrefix = "arXiv",
   eprint = {1406.0283},
   editor = {{Lazarian}, A. and {de Gouveia Dal Pino}, E.~M. and {Melioli}, C.
	},
    pages = {483},
      doi = {10.1007/978-3-662-44625-6_17},
   adsurl = {http://adsabs.harvard.edu/abs/2015ASSL..407..483H},
  adsnote = {Provided by the SAO/NASA Astrophysics Data System}
}

@ARTICLE{Rod12,
   author = {{Rodr{\'{\i}}guez}, L.~F. and {G{\'o}mez}, Y. and {Tafoya}, D.
	},
    title = "{The magnetic field of the H II region NGC 6334A from Faraday rotation}",
  journal = {\mnras},
archivePrefix = "arXiv",
   eprint = {1110.4679},
 keywords = {polarization, H II regions, ISM: individual objects: NGC 6334A, quasars: individual: J17204-3554},
     year = 2012,
    month = feb,
   volume = 420,
    pages = {279-282},
      doi = {10.1111/j.1365-2966.2011.20030.x},
   adsurl = {http://adsabs.harvard.edu/abs/2012MNRAS.420..279R},
  adsnote = {Provided by the SAO/NASA Astrophysics Data System}
}

@ARTICLE{Zha17,
   author = {{Zhang}, B.},
    title = "{A `Cosmic Comb' Model of Fast Radio Bursts}",
  journal = {\apjl},
archivePrefix = "arXiv",
   eprint = {1701.04094},
 primaryClass = "astro-ph.HE",
 keywords = {pulsars: general, radiation mechanism: non-thermal, radio continuum: general},
     year = 2017,
    month = feb,
   volume = 836,
      eid = {L32},
    pages = {L32},
      doi = {10.3847/2041-8213/aa5ded},
   adsurl = {http://adsabs.harvard.edu/abs/2017ApJ...836L..32Z},
  adsnote = {Provided by the SAO/NASA Astrophysics Data System}
}

@ARTICLE{Mar07,
   author = {{Marrone}, D.~P. and {Moran}, J.~M. and {Zhao}, J.-H. and {Rao}, R.
	},
    title = "{An Unambiguous Detection of Faraday Rotation in Sagittarius A*}",
  journal = {\apjl},
   eprint = {astro-ph/0611791},
 keywords = {Black Hole Physics, Galaxy: Center, Polarization, Submillimeter, Techniques: Interferometric},
     year = 2007,
    month = jan,
   volume = 654,
    pages = {L57-L60},
      doi = {10.1086/510850},
   adsurl = {http://adsabs.harvard.edu/abs/2007ApJ...654L..57M},
  adsnote = {Provided by the SAO/NASA Astrophysics Data System}
}

@PHDTHESIS{Ran01,
   author = {{Ransom}, S.~M.},
    title = "{New search techniques for binary pulsars}",
   school = {Harvard University},
     year = 2001,
   adsurl = {http://adsabs.harvard.edu/abs/2001PhDT.......123R},
  adsnote = {Provided by the SAO/NASA Astrophysics Data System}
}

@ARTICLE{Dav85,
   author = {{Davidson}, K. and {Fesen}, R.~A.},
    title = "{Recent developments concerning the Crab Nebula}",
  journal = {\araa},
 keywords = {Crab Nebula, Ejecta, Supernova Remnants, Abundance, Astronomical Spectroscopy, Filaments, Morphology, Nebulae, Stellar Mass},
     year = 1985,
   volume = 23,
    pages = {119-146},
      doi = {10.1146/annurev.aa.23.090185.001003},
   adsurl = {http://adsabs.harvard.edu/abs/1985ARA%26A..23..119D},
  adsnote = {Provided by the SAO/NASA Astrophysics Data System}
}

@ARTICLE{Tay09,
   author = {{Taylor}, A.~R. and {Stil}, J.~M. and {Sunstrum}, C.},
    title = "{A Rotation Measure Image of the Sky}",
  journal = {\apj},
 keywords = {catalogs, Galaxy: halo, magnetic fields, polarization},
     year = 2009,
    month = sep,
   volume = 702,
    pages = {1230-1236},
      doi = {10.1088/0004-637X/702/2/1230},
   adsurl = {http://adsabs.harvard.edu/abs/2009ApJ...702.1230T},
  adsnote = {Provided by the SAO/NASA Astrophysics Data System}
}

@ARTICLE{Aka16,
   author = {{Akahori}, T. and {Ryu}, D. and {Gaensler}, B.~M.},
    title = "{Fast Radio Bursts as Probes of Magnetic Fields in the Intergalactic Medium}",
  journal = {\apj},
archivePrefix = "arXiv",
   eprint = {1602.03235},
 keywords = {intergalactic medium, large-scale structure of universe, magnetic fields, polarization, radio continuum: general},
     year = 2016,
    month = jun,
   volume = 824,
      eid = {105},
    pages = {105},
      doi = {10.3847/0004-637X/824/2/105},
   adsurl = {http://adsabs.harvard.edu/abs/2016ApJ...824..105A},
  adsnote = {Provided by the SAO/NASA Astrophysics Data System}
}

@ARTICLE{Kas17,
   author = {{Kashiyama}, K. and {Murase}, K.},
    title = "{Testing the Young Neutron Star Scenario with Persistent Radio Emission Associated with FRB 121102}",
  journal = {\apjl},
archivePrefix = "arXiv",
   eprint = {1701.04815},
 primaryClass = "astro-ph.HE",
 keywords = {radio continuum: general, stars: neutron, supernovae: general},
     year = 2017,
    month = apr,
   volume = 839,
      eid = {L3},
    pages = {L3},
      doi = {10.3847/2041-8213/aa68e1},
   adsurl = {http://adsabs.harvard.edu/abs/2017ApJ...839L...3K},
  adsnote = {Provided by the SAO/NASA Astrophysics Data System}
}

@ARTICLE{Nic17,
   author = {{Nicholl}, M. and {Williams}, P.~K.~G. and {Berger}, E. and
	{Villar}, V.~A. and {Alexander}, K.~D. and {Eftekhari}, T. and
	{Metzger}, B.~D.},
    title = "{Empirical Constraints on the Origin of Fast Radio Bursts: Volumetric Rates and Host Galaxy Demographics as a Test of Millisecond Magnetar Connection}",
  journal = {\apj},
archivePrefix = "arXiv",
   eprint = {1704.00022},
 primaryClass = "astro-ph.HE",
 keywords = {galaxies: dwarf, gamma-ray burst: general, radio continuum: general, relativistic processes, stars: magnetars, supernovae: general},
     year = 2017,
    month = jul,
   volume = 843,
      eid = {84},
    pages = {84},
      doi = {10.3847/1538-4357/aa794d},
   adsurl = {http://adsabs.harvard.edu/abs/2017ApJ...843...84N},
  adsnote = {Provided by the SAO/NASA Astrophysics Data System}
}

@ARTICLE{Rey17,
   author = {{Reynolds}, S.~P. and {Pavlov}, G.~G. and {Kargaltsev}, O. and
	{Klingler}, N. and {Renaud}, M. and {Mereghetti}, S.},
    title = "{Pulsar-Wind Nebulae and Magnetar Outflows: Observations at Radio, X-Ray, and Gamma-Ray Wavelengths}",
  journal = {\ssr},
archivePrefix = "arXiv",
   eprint = {1705.08897},
 primaryClass = "astro-ph.HE",
 keywords = {First keyword, Second keyword, More},
     year = 2017,
    month = jul,
   volume = 207,
    pages = {175-234},
      doi = {10.1007/s11214-017-0356-6},
   adsurl = {http://adsabs.harvard.edu/abs/2017SSRv..207..175R},
  adsnote = {Provided by the SAO/NASA Astrophysics Data System}
}

@ARTICLE{Bie91,
   author = {{Bietenholz}, M.~F. and {Kronberg}, P.~P.},
    title = "{Faraday rotation and physical conditions in the Crab Nebula}",
  journal = {\apj},
 keywords = {Crab Nebula, Faraday Effect, Stellar Structure, Polarized Radiation, Pulsars, Stellar Magnetic Fields, Stellar Radiation, Stellar Winds},
     year = 1991,
    month = feb,
   volume = 368,
    pages = {231-240},
      doi = {10.1086/169686},
   adsurl = {http://adsabs.harvard.edu/abs/1991ApJ...368..231B},
  adsnote = {Provided by the SAO/NASA Astrophysics Data System}
}

@ARTICLE{Har11,
   author = {{Harvey-Smith}, L. and {Madsen}, G.~J. and {Gaensler}, B.~M.
	},
    title = "{Magnetic Fields in Large-diameter H II Regions Revealed by the Faraday Rotation of Compact Extragalactic Radio Sources}",
  journal = {\apj},
archivePrefix = "arXiv",
   eprint = {1106.0931},
 keywords = {H II regions, ISM: magnetic fields, polarization, radio continuum: ISM},
     year = 2011,
    month = aug,
   volume = 736,
      eid = {83},
    pages = {83},
      doi = {10.1088/0004-637X/736/2/83},
   adsurl = {http://adsabs.harvard.edu/abs/2011ApJ...736...83H},
  adsnote = {Provided by the SAO/NASA Astrophysics Data System}
}

@ARTICLE{Gae05,
   author = {{Gaensler}, B.~M. and {Kouveliotou}, C. and {Gelfand}, J.~D. and
	{Taylor}, G.~B. and {Eichler}, D. and {Wijers}, R.~A.~M.~J. and
	{Granot}, J. and {Ramirez-Ruiz}, E. and {Lyubarsky}, Y.~E. and
	{Hunstead}, R.~W. and {Campbell-Wilson}, D. and {van der Horst}, A.~J. and
	{McLaughlin}, M.~A. and {Fender}, R.~P. and {Garrett}, M.~A. and
	{Newton-McGee}, K.~J. and {Palmer}, D.~M. and {Gehrels}, N. and
	{Woods}, P.~M.},
    title = "{An expanding radio nebula produced by a giant flare from the magnetar SGR 1806-20}",
  journal = {\nat},
   eprint = {astro-ph/0502393},
     year = 2005,
    month = apr,
   volume = 434,
    pages = {1104-1106},
      doi = {10.1038/nature03498},
   adsurl = {http://adsabs.harvard.edu/abs/2005Natur.434.1104G},
  adsnote = {Provided by the SAO/NASA Astrophysics Data System}
}

@ARTICLE{Cor02,
   author = {{Cordes}, J.~M. and {Lazio}, T.~J.~W.},
    title = "{NE2001.I. A New Model for the Galactic Distribution of Free Electrons and its Fluctuations}",
  journal = {ArXiv Astrophysics e-prints},
   eprint = {astro-ph/0207156},
 keywords = {Astrophysics},
     year = 2002,
    month = jul,
   adsurl = {http://adsabs.harvard.edu/abs/2002astro.ph..7156C},
  adsnote = {Provided by the SAO/NASA Astrophysics Data System}
}

@ARTICLE{Opp15,
   author = {{Oppermann}, N. and {Junklewitz}, H. and {Greiner}, M. and {En{\ss}lin}, T.~A. and
	{Akahori}, T. and {Carretti}, E. and {Gaensler}, B.~M. and {Goobar}, A. and
	{Harvey-Smith}, L. and {Johnston-Hollitt}, M. and {Pratley}, L. and
	{Schnitzeler}, D.~H.~F.~M. and {Stil}, J.~M. and {Vacca}, V.
	},
    title = "{Estimating extragalactic Faraday rotation}",
  journal = {\aap},
archivePrefix = "arXiv",
   eprint = {1404.3701},
 primaryClass = "astro-ph.IM",
 keywords = {magnetic fields, methods: data analysis, ISM: magnetic fields},
     year = 2015,
    month = mar,
   volume = 575,
      eid = {A118},
    pages = {A118},
      doi = {10.1051/0004-6361/201423995},
   adsurl = {http://adsabs.harvard.edu/abs/2015A%26A...575A.118O},
  adsnote = {Provided by the SAO/NASA Astrophysics Data System}
}

@ARTICLE{Fra99,
   author = {{Frail}, D.~A. and {Kulkarni}, S.~R. and {Bloom}, J.~S.},
    title = "{An outburst of relativistic particles from the soft {$\gamma$}-ray repeater SGR1900+14}",
  journal = {\nat},
   eprint = {astro-ph/9812457},
     year = 1999,
    month = mar,
   volume = 398,
    pages = {127-129},
      doi = {10.1038/18163},
   adsurl = {http://adsabs.harvard.edu/abs/1999Natur.398..127F},
  adsnote = {Provided by the SAO/NASA Astrophysics Data System}
}

@ARTICLE{Bre05,
   author = {{Brentjens}, M.~A. and {de Bruyn}, A.~G.},
    title = "{Faraday rotation measure synthesis}",
  journal = {\aap},
   eprint = {astro-ph/0507349},
 keywords = {methods: data analysis, techniques: polarimetric, magnetic fields, polarization, ISM: magnetic fields, Cosmology: large-scale structure of Universe},
     year = 2005,
    month = oct,
   volume = 441,
    pages = {1217-1228},
      doi = {10.1051/0004-6361:20052990},
   adsurl = {http://adsabs.harvard.edu/abs/2005A%26A...441.1217B},
  adsnote = {Provided by the SAO/NASA Astrophysics Data System}
}

@ARTICLE{Hea09,
   author = {{Heald}, G. and {Braun}, R. and {Edmonds}, R.},
    title = "{The Westerbork SINGS survey. II Polarization, Faraday rotation, and magnetic fields}",
  journal = {\aap},
archivePrefix = "arXiv",
   eprint = {0905.3995},
 keywords = {ISM: magnetic fields, galaxies: magnetic fields, radio continuum: galaxies},
     year = 2009,
    month = aug,
   volume = 503,
    pages = {409-435},
      doi = {10.1051/0004-6361/200912240},
   adsurl = {http://adsabs.harvard.edu/abs/2009A%26A...503..409H},
  adsnote = {Provided by the SAO/NASA Astrophysics Data System}
}

@ARTICLE{And15,
   author = {{Anderson}, C.~S. and {Gaensler}, B.~M. and {Feain}, I.~J. and
	{Franzen}, T.~M.~O.},
    title = "{Broadband Radio Polarimetry and Faraday Rotation of 563 Extragalactic Radio Sources}",
  journal = {\apj},
archivePrefix = "arXiv",
   eprint = {1511.04080},
 keywords = {galaxies: active, ISM: magnetic fields, magnetic fields, radio continuum: galaxies, techniques: polarimetric},
     year = 2015,
    month = dec,
   volume = 815,
      eid = {49},
    pages = {49},
      doi = {10.1088/0004-637X/815/1/49},
   adsurl = {http://adsabs.harvard.edu/abs/2015ApJ...815...49A},
  adsnote = {Provided by the SAO/NASA Astrophysics Data System}
}

@ARTICLE{O'Sul12,
   author = {{O'Sullivan}, S.~P. and {Brown}, S. and {Robishaw}, T. and {Schnitzeler}, D.~H.~F.~M. and
	{McClure-Griffiths}, N.~M. and {Feain}, I.~J. and {Taylor}, A.~R. and
	{Gaensler}, B.~M. and {Landecker}, T.~L. and {Harvey-Smith}, L. and
	{Carretti}, E.},
    title = "{Complex Faraday depth structure of active galactic nuclei as revealed by broad-band radio polarimetry}",
  journal = {\mnras},
archivePrefix = "arXiv",
   eprint = {1201.3161},
 keywords = {techniques: polarimetric, galaxies: magnetic fields, radio continuum: galaxies},
     year = 2012,
    month = apr,
   volume = 421,
    pages = {3300-3315},
      doi = {10.1111/j.1365-2966.2012.20554.x},
   adsurl = {http://adsabs.harvard.edu/abs/2012MNRAS.421.3300O},
  adsnote = {Provided by the SAO/NASA Astrophysics Data System}
}

@ARTICLE{McC16,
   author = {{McCray}, R. and {Fransson}, C.},
    title = "{The Remnant of Supernova 1987A}",
  journal = {\araa},
     year = 2016,
    month = sep,
   volume = 54,
    pages = {19-52},
      doi = {10.1146/annurev-astro-082615-105405},
   adsurl = {http://adsabs.harvard.edu/abs/2016ARA%26A..54...19M},
  adsnote = {Provided by the SAO/NASA Astrophysics Data System}
}

@ARTICLE{Hoa07,
   author = {{Hoare}, M.~G. and {Kurtz}, S.~E. and {Lizano}, S. and {Keto}, E. and
 {Hofner}, P.},
    title = "{Ultracompact Hii Regions and the Early Lives of Massive Stars}",
  journal = {Protostars and Planets V},
   eprint = {astro-ph/0603560},
     year = 2007,
    pages = {181-196},
   adsurl = {http://adsabs.harvard.edu/abs/2007prpl.conf..181H},
  adsnote = {Provided by the SAO/NASA Astrophysics Data System}
}

@ARTICLE{Orl16,
   author = {{Orlando}, S. and {Miceli}, M. and {Pumo}, M.~L. and {Bocchino}, F.
 },
    title = "{Modeling SNR Cassiopeia A from the Supernova Explosion to its Current\
 Age: The Role of Post-explosion Anisotropies of Ejecta}",
  journal = {\apj},
archivePrefix = "arXiv",
   eprint = {1603.03690},
 primaryClass = "astro-ph.HE",
 keywords = {cosmic rays, hydrodynamics, instabilities, ISM: supernova remnants, sh\
ock waves, supernovae: individual: Cassiopeia A},
     year = 2016,
    month = may,
   volume = 822,
      eid = {22},
    pages = {22},
      doi = {10.3847/0004-637X/822/1/22},
   adsurl = {http://adsabs.harvard.edu/abs/2016ApJ...822...22O},
  adsnote = {Provided by the SAO/NASA Astrophysics Data System}
}

@ARTICLE{O'Sul17,
   author = {{O'Sullivan}, S.~P. and {Purcell}, C.~R. and {Anderson}, C.~S. and
	{Farnes}, J.~S. and {Sun}, X.~H. and {Gaensler}, B.~M.},
    title = "{Broad-band, radio spectro-polarimetric study of 100 radiative-mode and jet-mode AGN}",
  journal = {\mnras},
archivePrefix = "arXiv",
   eprint = {1705.00102},
 keywords = {techniques: polarimetric, galaxies: active, galaxies: jet, galaxies: magnetic fields, radio continuum: galaxies},
     year = 2017,
    month = aug,
   volume = 469,
    pages = {4034-4062},
      doi = {10.1093/mnras/stx1133},
   adsurl = {http://adsabs.harvard.edu/abs/2017MNRAS.469.4034O},
  adsnote = {Provided by the SAO/NASA Astrophysics Data System}
}

@ARTICLE{Hunt09,
   author = {{Hunt}, L.~K. and {Hirashita}, H.},
    title = "{The size-density relation of extragalactic H II regions}",
  journal = {\aap},
archivePrefix = "arXiv",
   eprint = {0910.2804},
 keywords = {dust, extinction, galaxies: dwarf, galaxies: evolution, galaxies: ISM, galaxies: star clusters, H ii regions},
     year = 2009,
    month = dec,
   volume = 507,
    pages = {1327-1343},
      doi = {10.1051/0004-6361/200912020},
   adsurl = {http://adsabs.harvard.edu/abs/2009A%26A...507.1327H},
  adsnote = {Provided by the SAO/NASA Astrophysics Data System}
}

@ARTICLE{McKee95,
   author = {{McKee}, C.~F. and {Truelove}, J.~K.},
    title = "{Explosions in the interstellar medium.}",
  journal = {PhysRep},
 keywords = {Interstellar Matter: Supernova Remnants},
     year = 1995,
    month = may,
   volume = 256,
    pages = {157-172},
      doi = {10.1016/0370-1573(94)00106-D},
   adsurl = {http://adsabs.harvard.edu/abs/1995PhR...256..157M},
  adsnote = {Provided by the SAO/NASA Astrophysics Data System}
}

@ARTICLE{Har10,
   author = {{Harvey-Smith}, L. and {Gaensler}, B.~M. and {Kothes}, R. and
	{Townsend}, R. and {Heald}, G.~H. and {Ng}, C.-Y. and {Green}, A.~J.
	},
    title = "{Faraday Rotation of the Supernova Remnant G296.5+10.0: Evidence for a Magnetized Progenitor Wind}",
  journal = {\apj},
archivePrefix = "arXiv",
   eprint = {1001.3462},
 keywords = {ISM: individual objects: G296.5+10.0, ISM: supernova remnants, magnetic fields, polarization, radio continuum: ISM, stars: winds, outflows},
     year = 2010,
    month = apr,
   volume = 712,
    pages = {1157-1165},
      doi = {10.1088/0004-637X/712/2/1157},
   adsurl = {http://adsabs.harvard.edu/abs/2010ApJ...712.1157H},
  adsnote = {Provided by the SAO/NASA Astrophysics Data System}
}
