@ARTICLE{2017arXiv171010270L,
   author = {{Lu}, W. and {Kumar}, P.},
    title = "{On the radiation mechanism of repeating fast radio bursts}",
  journal = {ArXiv e-prints},
archivePrefix = "arXiv",
   eprint = {1710.10270},
 primaryClass = "astro-ph.HE",
 keywords = {Astrophysics - High Energy Astrophysical Phenomena},
     year = 2017,
    month = oct,
   adsurl = {http://adsabs.harvard.edu/abs/2017arXiv171010270L},
  adsnote = {Provided by the SAO/NASA Astrophysics Data System}
}



@ARTICLE{2006A&ARv..13..229T,
   author = {{Treumann}, R.~A.},
    title = "{The electron-cyclotron maser for astrophysical application}",
  journal = {\aapr},
 keywords = {Electron-cyclotron maser, Non-thermal radiation, Coherent radiation, Radio emissions from magnetized planets, Auroral kilometric radiation, Jupiter radio bursts, Solar radio bursts/spikes, Coherent radiation from stars, Coherent radiation from Blazar jets, Electron{\ndash}cyclotron maser},
     year = 2006,
    month = aug,
   volume = 13,
    pages = {229-315},
      doi = {10.1007/s00159-006-0001-y},
   adsurl = {http://adsabs.harvard.edu/abs/2006A%26ARv..13..229T},
  adsnote = {Provided by the SAO/NASA Astrophysics Data System}
}



@ARTICLE{2015MNRAS.450L..71F,
   author = {{Fuller}, J. and {Ott}, C.~D.},
    title = "{Dark matter-induced collapse of neutron stars: a possible link between fast radio bursts and the missing pulsar problem}",
  journal = {\mnras},
archivePrefix = "arXiv",
   eprint = {1412.6119},
 primaryClass = "astro-ph.HE",
 keywords = {relativistic processes, stars: neutron, Galaxy: centre, dark matter, radio continuum: general},
     year = 2015,
    month = jun,
   volume = 450,
    pages = {L71-L75},
      doi = {10.1093/mnrasl/slv049},
   adsurl = {http://adsabs.harvard.edu/abs/2015MNRAS.450L..71F},
  adsnote = {Provided by the SAO/NASA Astrophysics Data System}
}

@ARTICLE{2015AASP....5...43Z,
   author = {{Zadorozhna}, L.~V.},
    title = "{Fast radio bursts as electromagnetic radiation from cusps on superconducting cosmic strings}",
  journal = {Advances in Astronomy and Space Physics},
 keywords = {fast radio burst, superconducting cosmic strings, cosmic plasma, electromagnetic radiation},
     year = 2015,
    month = sep,
   volume = 5,
    pages = {43-50},
   adsurl = {http://adsabs.harvard.edu/abs/2015AASP....5...43Z},
  adsnote = {Provided by the SAO/NASA Astrophysics Data System}
}

@ARTICLE{2015ApJ...814L..20M,
   author = {{Mingarelli}, C.~M.~F. and {Levin}, J. and {Lazio}, T.~J.~W.
	},
    title = "{Fast Radio Bursts and Radio Transients from Black Hole Batteries}",
  journal = {\apjl},
archivePrefix = "arXiv",
   eprint = {1511.02870},
 primaryClass = "astro-ph.HE",
 keywords = {black hole physics, gravitation, gravitational waves, pulsars: general, stars: neutron},
     year = 2015,
    month = dec,
   volume = 814,
      eid = {L20},
    pages = {L20},
      doi = {10.1088/2041-8205/814/2/L20},
   adsurl = {http://adsabs.harvard.edu/abs/2015ApJ...814L..20M},
  adsnote = {Provided by the SAO/NASA Astrophysics Data System}
}

@ARTICLE{2016PhRvD..93b3001R,
   author = {{Romero}, G.~E. and {del Valle}, M.~V. and {Vieyro}, F.~L.},
    title = "{Mechanism for fast radio bursts}",
  journal = {\prd},
archivePrefix = "arXiv",
   eprint = {1512.03772},
 primaryClass = "astro-ph.HE",
     year = 2016,
    month = jan,
   volume = 93,
   number = 2,
      eid = {023001},
    pages = {023001},
      doi = {10.1103/PhysRevD.93.023001},
   adsurl = {http://adsabs.harvard.edu/abs/2016PhRvD..93b3001R},
  adsnote = {Provided by the SAO/NASA Astrophysics Data System}
}

@INPROCEEDINGS{2016ASPC..502....1H,
   author = {{Huang}, Y.~F. and {Geng}, J.~J.},
    title = "{Collision between Neutron Stars and Asteroids as a Mechanism for Fast Radio Bursts}",
booktitle = {Frontiers in Radio Astronomy and FAST Early Sciences Symposium 2015},
     year = 2016,
   series = {Astronomical Society of the Pacific Conference Series},
   volume = 502,
archivePrefix = "arXiv",
   eprint = {1512.06519},
 primaryClass = "astro-ph.HE",
   editor = {{Qain}, L. and {Li}, D.},
    month = feb,
    pages = {1},
   adsurl = {http://adsabs.harvard.edu/abs/2016ASPC..502....1H},
  adsnote = {Provided by the SAO/NASA Astrophysics Data System}
}

@ARTICLE{corwas16,
   author = {{Cordes}, J.~M. and {Wasserman}, I.},
    title = "{Supergiant pulses from extragalactic neutron stars}",
  journal = {\mnras},
archivePrefix = "arXiv",
   eprint = {1501.00753},
 primaryClass = "astro-ph.HE",
 keywords = {gravitational lensing: micro, relativistic processes, stars: neutron},
     year = 2016,
    month = mar,
   volume = 457,
    pages = {232-257},
      doi = {10.1093/mnras/stv2948},
   adsurl = {http://adsabs.harvard.edu/abs/2016MNRAS.457..232C},
  adsnote = {Provided by the SAO/NASA Astrophysics Data System}
}

@ARTICLE{2016ApJ...822L...7W,
   author = {{Wang}, J.-S. and {Yang}, Y.-P. and {Wu}, X.-F. and {Dai}, Z.-G. and
	{Wang}, F.-Y.},
    title = "{Fast Radio Bursts from the Inspiral of Double Neutron Stars}",
  journal = {\apjl},
archivePrefix = "arXiv",
   eprint = {1603.02014},
 primaryClass = "astro-ph.HE",
 keywords = {gamma-ray burst: general, gravitational waves, radio continuum: general, stars: neutron},
     year = 2016,
    month = may,
   volume = 822,
      eid = {L7},
    pages = {L7},
      doi = {10.3847/2041-8205/822/1/L7},
   adsurl = {http://adsabs.harvard.edu/abs/2016ApJ...822L...7W},
  adsnote = {Provided by the SAO/NASA Astrophysics Data System}
}

@ARTICLE{2016arXiv160505890C,
   author = {{Cordes}, J.~M. and {Wharton}, R.~S. and {Spitler}, L.~G. and
	{Chatterjee}, S. and {Wasserman}, I.},
    title = "{Radio Wave Propagation and the Provenance of Fast Radio Bursts}",
  journal = {ArXiv e-prints},
archivePrefix = "arXiv",
   eprint = {1605.05890},
 primaryClass = "astro-ph.HE",
 keywords = {Astrophysics - High Energy Astrophysical Phenomena},
     year = 2016,
    month = may,
   adsurl = {http://adsabs.harvard.edu/abs/2016arXiv160505890C},
  adsnote = {Provided by the SAO/NASA Astrophysics Data System}
}

@ARTICLE{2016ApJ...823L..28G,
   author = {{Gu}, W.-M. and {Dong}, Y.-Z. and {Liu}, T. and {Ma}, R. and
	{Wang}, J.},
    title = "{A Neutron Star-White Dwarf Binary Model for Repeating Fast Radio Burst 121102}",
  journal = {\apjl},
archivePrefix = "arXiv",
   eprint = {1604.05336},
 primaryClass = "astro-ph.HE",
 keywords = {accretion, accretion disks, binaries: general, gravitational waves, magnetic reconnection, white dwarfs},
     year = 2016,
    month = jun,
   volume = 823,
      eid = {L28},
    pages = {L28},
      doi = {10.3847/2041-8205/823/2/L28},
   adsurl = {http://adsabs.harvard.edu/abs/2016ApJ...823L..28G},
  adsnote = {Provided by the SAO/NASA Astrophysics Data System}
}

@ARTICLE{2016ApJ...829...27D,
   author = {{Dai}, Z.~G. and {Wang}, J.~S. and {Wu}, X.~F. and {Huang}, Y.~F.
	},
    title = "{Repeating Fast Radio Bursts from Highly Magnetized Pulsars Traveling through Asteroid Belts}",
  journal = {\apj},
archivePrefix = "arXiv",
   eprint = {1603.08207},
 primaryClass = "astro-ph.HE",
 keywords = {minor planets, asteroids: general, pulsars: general, radiation mechanisms: non-thermal, radio continuum: general, stars: neutron },
     year = 2016,
    month = sep,
   volume = 829,
      eid = {27},
    pages = {27},
      doi = {10.3847/0004-637X/829/1/27},
   adsurl = {http://adsabs.harvard.edu/abs/2016ApJ...829...27D},
  adsnote = {Provided by the SAO/NASA Astrophysics Data System}
}

@ARTICLE{mur16,
   author = {{Murase}, K. and {Kashiyama}, K. and {M{\'e}sz{\'a}ros}, P.},
    title = "{A burst in a wind bubble and the impact on baryonic ejecta: high-energy gamma-ray flashes and afterglows from fast radio bursts and pulsar-driven supernova remnants}",
  journal = {\mnras},
archivePrefix = "arXiv",
   eprint = {1603.08875},
 primaryClass = "astro-ph.HE",
 keywords = {radiation mechanisms: non-thermal, stars: magnetars, stars: neutron, white dwarfs},
     year = 2016,
    month = sep,
   volume = 461,
    pages = {1498-1511},
      doi = {10.1093/mnras/stw1328},
   adsurl = {http://adsabs.harvard.edu/abs/2016MNRAS.461.1498M},
  adsnote = {Provided by the SAO/NASA Astrophysics Data System}
}

@ARTICLE{2016MNRAS.462..941L,
   author = {{Lyutikov}, M. and {Burzawa}, L. and {Popov}, S.~B.},
    title = "{Fast radio bursts as giant pulses from young rapidly rotating pulsars}",
  journal = {\mnras},
archivePrefix = "arXiv",
   eprint = {1603.02891},
 primaryClass = "astro-ph.HE",
 keywords = {radiation mechanisms: general, stars: neutron, pulsars: general},
     year = 2016,
    month = oct,
   volume = 462,
    pages = {941-950},
      doi = {10.1093/mnras/stw1669},
   adsurl = {http://adsabs.harvard.edu/abs/2016MNRAS.462..941L},
  adsnote = {Provided by the SAO/NASA Astrophysics Data System}
}

@ARTICLE{2016ApJ...832..199X,
   author = {{Xu}, S. and {Zhang}, B.},
    title = "{On the Origin of the Scatter Broadening of Fast Radio Burst Pulses and Astrophysical Implications}",
  journal = {\apj},
archivePrefix = "arXiv",
   eprint = {1608.03930},
 primaryClass = "astro-ph.HE",
 keywords = {intergalactic medium, radio continuum: general, turbulence},
     year = 2016,
    month = dec,
   volume = 832,
      eid = {199},
    pages = {199},
      doi = {10.3847/0004-637X/832/2/199},
   adsurl = {http://adsabs.harvard.edu/abs/2016ApJ...832..199X},
  adsnote = {Provided by the SAO/NASA Astrophysics Data System}
}

@ARTICLE{2017ApJ...838L...7D,
   author = {{Dai}, Z.~G. and {Wang}, J.~S. and {Yu}, Y.~W.},
    title = "{Radio Emission from Pulsar Wind Nebulae without Surrounding Supernova Ejecta: Application to FRB 121102}",
  journal = {\apjl},
archivePrefix = "arXiv",
   eprint = {1702.05831},
 primaryClass = "astro-ph.HE",
 keywords = {pulsars: general, radiation mechanisms: non-thermal, radio continuum: general, stars: neutron},
     year = 2017,
    month = mar,
   volume = 838,
      eid = {L7},
    pages = {L7},
      doi = {10.3847/2041-8213/aa6745},
   adsurl = {http://adsabs.harvard.edu/abs/2017ApJ...838L...7D},
  adsnote = {Provided by the SAO/NASA Astrophysics Data System}
}

@ARTICLE{2017ApJ...839L..20C,
   author = {{Cao}, X.-F. and {Yu}, Y.-W. and {Dai}, Z.-G.},
    title = "{Constraining the Age of a Magnetar Possibly Associated with FRB 121102}",
  journal = {\apjl},
archivePrefix = "arXiv",
   eprint = {1701.05482},
 primaryClass = "astro-ph.HE",
 keywords = {radio continuum: general, stars: magnetars, stars: neutron},
     year = 2017,
    month = apr,
   volume = 839,
      eid = {L20},
    pages = {L20},
      doi = {10.3847/2041-8213/aa6af2},
   adsurl = {http://adsabs.harvard.edu/abs/2017ApJ...839L..20C},
  adsnote = {Provided by the SAO/NASA Astrophysics Data System}
}

@ARTICLE{2017ApJ...841...14M,
   author = {{Metzger}, B.~D. and {Berger}, E. and {Margalit}, B.},
    title = "{Millisecond Magnetar Birth Connects FRB 121102 to Superluminous Supernovae and Long-duration Gamma-Ray Bursts}",
  journal = {\apj},
archivePrefix = "arXiv",
   eprint = {1701.02370},
 primaryClass = "astro-ph.HE",
 keywords = {galaxies: active, gamma-ray burst: general, stars: magnetars, stars: neutron, supernovae: general},
     year = 2017,
    month = may,
   volume = 841,
      eid = {14},
    pages = {14},
      doi = {10.3847/1538-4357/aa633d},
   adsurl = {http://adsabs.harvard.edu/abs/2017ApJ...841...14M},
  adsnote = {Provided by the SAO/NASA Astrophysics Data System}
}

@ARTICLE{2017A&A...602A..64V,
   author = {{Vieyro}, F.~L. and {Romero}, G.~E. and {Bosch-Ramon}, V. and
	{Marcote}, B. and {del Valle}, M.~V.},
    title = "{A model for the repeating FRB 121102 in the AGN scenario}",
  journal = {\aap},
archivePrefix = "arXiv",
   eprint = {1704.08097},
 primaryClass = "astro-ph.HE",
 keywords = {radio continuum: general, galaxies: dwarf, galaxies: jets, radiation mechanisms: non-thermal},
     year = 2017,
    month = jun,
   volume = 602,
      eid = {A64},
    pages = {A64},
      doi = {10.1051/0004-6361/201730556},
   adsurl = {http://adsabs.harvard.edu/abs/2017A%26A...602A..64V},
  adsnote = {Provided by the SAO/NASA Astrophysics Data System}
}

@ARTICLE{2017ApJ...842...34W,
   author = {{Waxman}, E.},
    title = "{On the Origin of Fast Radio Bursts (FRBs)}",
  journal = {\apj},
archivePrefix = "arXiv",
   eprint = {1703.06723},
 primaryClass = "astro-ph.HE",
 keywords = {masers, stars: neutron, supernovae: general},
     year = 2017,
    month = jun,
   volume = 842,
      eid = {34},
    pages = {34},
      doi = {10.3847/1538-4357/aa713e},
   adsurl = {http://adsabs.harvard.edu/abs/2017ApJ...842...34W},
  adsnote = {Provided by the SAO/NASA Astrophysics Data System}
}

@ARTICLE{Cor17,
   author = {{Cordes}, J.~M. and {Wasserman}, I. and {Hessels}, J.~W.~T. and
	{Lazio}, T.~J.~W. and {Chatterjee}, S. and {Wharton}, R.~S.},
    title = "{Lensing of Fast Radio Bursts by Plasma Structures in Host Galaxies}",
  journal = {\apj},
archivePrefix = "arXiv",
   eprint = {1703.06580},
 primaryClass = "astro-ph.HE",
 keywords = {galaxies: distances and redshifts, galaxies: ISM, scattering, stars: individual: FRB 121102, stars: magnetars, stars: neutron},
     year = 2017,
    month = jun,
   volume = 842,
      eid = {35},
    pages = {35},
      doi = {10.3847/1538-4357/aa74da},
   adsurl = {http://adsabs.harvard.edu/abs/2017ApJ...842...35C},
  adsnote = {Provided by the SAO/NASA Astrophysics Data System}
}

@ARTICLE{2017ApJ...844..162T,
   author = {{Thompson}, C.},
    title = "{Tiny Electromagnetic Explosions}",
  journal = {\apj},
archivePrefix = "arXiv",
   eprint = {1703.00393},
 primaryClass = "astro-ph.HE",
 keywords = {acceleration of particles, dark matter, magnetic fields, plasmas, radiation mechanisms: non-thermal, relativistic processes},
     year = 2017,
    month = aug,
   volume = 844,
      eid = {162},
    pages = {162},
      doi = {10.3847/1538-4357/aa7845},
   adsurl = {http://adsabs.harvard.edu/abs/2017ApJ...844..162T},
  adsnote = {Provided by the SAO/NASA Astrophysics Data System}
}

@ARTICLE{2017ApJ...844...65T,
   author = {{Thompson}, C.},
    title = "{Giant Primeval Magnetic Dipoles}",
  journal = {\apj},
archivePrefix = "arXiv",
   eprint = {1703.00394},
 primaryClass = "astro-ph.HE",
 keywords = {dark matter, magnetic fields, stars: black holes, supernovae: general, White dwarfs},
     year = 2017,
    month = jul,
   volume = 844,
      eid = {65},
    pages = {65},
      doi = {10.3847/1538-4357/aa7684},
   adsurl = {http://adsabs.harvard.edu/abs/2017ApJ...844...65T},
  adsnote = {Provided by the SAO/NASA Astrophysics Data System}
}


@ARTICLE{2017ApJ...843...84N,
   author = {{Nicholl}, M. and {Williams}, P.~K.~G. and {Berger}, E. and
	{Villar}, V.~A. and {Alexander}, K.~D. and {Eftekhari}, T. and
	{Metzger}, B.~D.},
    title = "{Empirical Constraints on the Origin of Fast Radio Bursts: Volumetric Rates and Host Galaxy Demographics as a Test of Millisecond Magnetar Connection}",
  journal = {\apj},
archivePrefix = "arXiv",
   eprint = {1704.00022},
 primaryClass = "astro-ph.HE",
 keywords = {galaxies: dwarf, gamma-ray burst: general, radio continuum: general, relativistic processes, stars: magnetars, supernovae: general},
     year = 2017,
    month = jul,
   volume = 843,
      eid = {84},
    pages = {84},
      doi = {10.3847/1538-4357/aa794d},
   adsurl = {http://adsabs.harvard.edu/abs/2017ApJ...843...84N},
  adsnote = {Provided by the SAO/NASA Astrophysics Data System}
}

@ARTICLE{2017arXiv171000541W,
   author = {{Wang}, W. and {Luo}, R. and {Yue}, H. and {Lee}, K. and {Chen}, X. and
	{Xu}, R.},
    title = "{FRB 121102: a star quake-induced repeater?}",
  journal = {ArXiv e-prints},
archivePrefix = "arXiv",
   eprint = {1710.00541},
 primaryClass = "astro-ph.HE",
 keywords = {Astrophysics - High Energy Astrophysical Phenomena},
     year = 2017,
    month = oct,
   adsurl = {http://adsabs.harvard.edu/abs/2017arXiv171000541W},
  adsnote = {Provided by the SAO/NASA Astrophysics Data System}
}

@ARTICLE{2017arXiv171002302Y,
   author = {{Yamasaki}, S. and {Totani}, T. and {Kiuchi}, K.},
    title = "{Repeating and Non-repeating Fast Radio Bursts from Binary Neutron Star Mergers}",
  journal = {ArXiv e-prints},
archivePrefix = "arXiv",
   eprint = {1710.02302},
 primaryClass = "astro-ph.HE",
 keywords = {Astrophysics - High Energy Astrophysical Phenomena, Astrophysics - Cosmology and Nongalactic Astrophysics},
     year = 2017,
    month = oct,
   adsurl = {http://adsabs.harvard.edu/abs/2017arXiv171002302Y},
  adsnote = {Provided by the SAO/NASA Astrophysics Data System}
}

@ARTICLE{2017EPJC...77..720Y,
   author = {{Ye}, J. and {Wang}, K. and {Cai}, Y.-F.},
    title = "{Superconducting cosmic strings as sources of cosmological fast radio bursts}",
  journal = {European Physical Journal C},
archivePrefix = "arXiv",
   eprint = {1705.10956},
 primaryClass = "astro-ph.HE",
     year = 2017,
    month = nov,
   volume = 77,
      eid = {720},
    pages = {720},
      doi = {10.1140/epjc/s10052-017-5319-2},
   adsurl = {http://adsabs.harvard.edu/abs/2017EPJC...77..720Y},
  adsnote = {Provided by the SAO/NASA Astrophysics Data System}
}

