@ARTICLE{1980A&A....88..360V,
       author = {{van den Bergh}, S. and {McClure}, R.~D.},
        title = "{Galactic distribution of the oldest open clusters.}",
      journal = {Astronomy and Astrophysics},
     keywords = {Milky Way Galaxy, Open Clusters, Star Distribution, Stellar Evolution, Hertzsprung-Russell Diagram, Spatial Distribution, Astronomy},
         year = 1980,
        month = aug,
       volume = {88},
        pages = {360-362},
       adsurl = {https://ui.adsabs.harvard.edu/abs/1980A&A....88..360V},
      adsnote = {Provided by the SAO/NASA Astrophysics Data System}
}

@ARTICLE{1958ApJ...127...17S,
       author = {{Spitzer}, Lyman, Jr.},
        title = "{Disruption of Galactic Clusters.}",
      journal = {Astrophysical Journal},
         year = 1958,
        month = jan,
       volume = {127},
        pages = {17},
       adsurl = {https://ui.adsabs.harvard.edu/abs/1958ApJ...127...17S},
      adsnote = {Provided by the SAO/NASA Astrophysics Data System}
}

@ARTICLE{1950BAN....11...91O,
       author = {{Oort}, J.~H.},
        title = "{The structure of the cloud of comets surrounding the Solar System and a hypothesis concerning its origin}",
      journal = {Bulletin Astronomical Institute of the Netherlands},
         year = 1950,
        month = jan,
       volume = {11},
        pages = {91-110},
       adsurl = {https://ui.adsabs.harvard.edu/abs/1950BAN....11...91O},
      adsnote = {Provided by the SAO/NASA Astrophysics Data System}
}

@ARTICLE{1988AJ.....95..771J,
       author = {{Janes}, K.~A. and {Tilley}, C. and {Lynga}, G.},
        title = "{Properties of the Open Cluster System}",
      journal = {Astronomical Journal},
     keywords = {Galactic Structure, Metallic Stars, Open Clusters, Stellar Evolution, Ubv Spectra, Algorithms, Color-Magnitude Diagram, Computational Astrophysics, Disk Galaxies, H Beta Line, Astrophysics, STARS: STELLAR STATISTICS, CLUSTERS: OPEN, GALAXIES: THE GALAXY},
         year = 1988,
        month = mar,
       volume = {95},
        pages = {771},
       adsurl = {https://ui.adsabs.harvard.edu/abs/1988AJ.....95..771J},
      adsnote = {Provided by the SAO/NASA Astrophysics Data System}
}

@ARTICLE{1982A&A...109..213L,
       author = {{Lynga}, G.},
        title = "{Open clusters in our galaxy.}",
      journal = {Astronomy and Astrophysics},
     keywords = {Galactic Structure, Milky Way Galaxy, Open Clusters, Abundance, Cosmic Dust, Galactic Evolution, Interstellar Extinction, Star Distribution, Stellar Luminosity, Astrophysics},
         year = 1982,
        month = may,
       volume = {109},
        pages = {213-222},
       adsurl = {https://ui.adsabs.harvard.edu/abs/1982A&A...109..213L},
      adsnote = {Provided by the SAO/NASA Astrophysics Data System}
}

@ARTICLE{2020A&A...640A...1C,
       author = {{Cantat-Gaudin}, T. and {Anders}, F. and {Castro-Ginard}, A. and {Jordi}, C. and {Romero-G{\'o}mez}, M. and {Soubiran}, C. and {Casamiquela}, L. and {Tarricq}, Y. and {Moitinho}, A. and {Vallenari}, A. and {Bragaglia}, A. and {Krone-Martins}, A. and {Kounkel}, M.},
        title = "{Painting a portrait of the Galactic disc with its stellar clusters}",
      journal = {Astronomy and Astrophysics},
     keywords = {open clusters and associations: general, Galaxy: disk, Astrophysics - Astrophysics of Galaxies, Astrophysics - Solar and Stellar Astrophysics},
         year = 2020,
        month = aug,
       volume = {640},
          eid = {A1},
        pages = {A1},
       eprint = {2004.07274},
 primaryClass = {astro-ph.GA},
       adsurl = {https://ui.adsabs.harvard.edu/abs/2020A&A...640A...1C},
      adsnote = {Provided by the SAO/NASA Astrophysics Data System}
}


@ARTICLE{2006A&A...446..121B,
       author = {{Bonatto}, C. and {Kerber}, L.~O. and {Bica}, E. and {Santiago}, B.~X.},
        title = "{Probing disk properties with open clusters}",
      journal = {Astronomy and Astrophysics},
     keywords = {Galaxy: open clusters and associations: general, Galaxy: structure, Astrophysics},
         year = 2006,
        month = jan,
       volume = {446},
       number = {1},
        pages = {121-135},
       eprint = {astro-ph/0509804},
 primaryClass = {astro-ph},
       adsurl = {https://ui.adsabs.harvard.edu/abs/2006A&A...446..121B},
      adsnote = {Provided by the SAO/NASA Astrophysics Data System}
}

@ARTICLE{2016ApJ...823..102C,
       author = {{Choi}, Jieun and {Dotter}, Aaron and {Conroy}, Charlie and {Cantiello}, Matteo and {Paxton}, Bill and {Johnson}, Benjamin D.},
        title = "{Mesa Isochrones and Stellar Tracks (MIST). I. Solar-scaled Models}",
      journal = {Astrophysical Journal},
     keywords = {stars: evolution, stars: general, stars: interiors, Astrophysics - Solar and Stellar Astrophysics},
         year = 2016,
        month = jun,
       volume = {823},
       number = {2},
          eid = {102},
        pages = {102},
       eprint = {1604.08592},
 primaryClass = {astro-ph.SR},
       adsurl = {https://ui.adsabs.harvard.edu/abs/2016ApJ...823..102C},
      adsnote = {Provided by the SAO/NASA Astrophysics Data System}
}

@ARTICLE{2004PASP..116..997V,
       author = {{VandenBerg}, Don A. and {Stetson}, P.~B.},
        title = "{On the Old Open Clusters M67 and NGC 188: Convective Core Overshooting, Color-Temperature Relations, Distances, and Ages}",
      journal = {Publications of the ASP},
     keywords = {Stars: Hertzsprung-Russell Diagram, Galaxy: Open Clusters and Associations: General, Galaxy: Open Clusters and Associations: Individual: Messier Number: M67, Galaxy: Open Clusters and Associations: Individual: NGC Number: NGC 188, Stars: Evolution, Stars: General, convection},
         year = 2004,
        month = nov,
       volume = {116},
       number = {825},
        pages = {997-1011},
       adsurl = {https://ui.adsabs.harvard.edu/abs/2004PASP..116..997V},
      adsnote = {Provided by the SAO/NASA Astrophysics Data System}
}

@INPROCEEDINGS{1990BAAS...22.1288M,
       author = {{Montgomery}, K. and {Marschall}, L. and {Janes}, K.~A.},
        title = "{CCD Photometry of the Old Open Cluster, M67}",
    booktitle = {Bulletin of the American Astronomical Society},
         year = 1990,
       volume = {22},
        month = sep,
        pages = {1288},
       adsurl = {https://ui.adsabs.harvard.edu/abs/1990BAAS...22.1288M},
      adsnote = {Provided by the SAO/NASA Astrophysics Data System}
}

@ARTICLE{1930LicOB..14..154T,
       author = {{Trumpler}, Robert Julius},
        title = "{Preliminary results on the distances, dimensions and space distribution of open star clusters}",
      journal = {Lick Observatory Bulletin},
     keywords = {STARS: OPEN CLUSTERS, STARS: DISTRIBUTION},
         year = 1930,
        month = jan,
       volume = {420},
        pages = {154-188},
          doi = {10.5479/ADS/bib/1930LicOB.14.154T},
       adsurl = {https://ui.adsabs.harvard.edu/abs/1930LicOB..14..154T},
      adsnote = {Provided by the SAO/NASA Astrophysics Data System}
}

@article{Metallicity_catalogue,
   title={A PUBLIC CATALOG OF STELLAR MASSES, STAR FORMATION AND METALLICITY HISTORIES, AND DUST CONTENT FROM THE SLOAN DIGITAL SKY SURVEY USING VESPA},
   volume={185},
   ISSN={1538-4365},
   url={http://dx.doi.org/10.1088/0067-0049/185/1/1},
   DOI={10.1088/0067-0049/185/1/1},
   number={1},
   journal={The Astrophysical Journal Supplement Series},
   publisher={American Astronomical Society},
   author={Tojeiro, Rita and Wilkins, Stephen and Heavens, Alan F. and Panter, Ben and Jimenez, Raul},
   year={2009},
   month={Oct},
   pages={1â€“19} }

   @ARTICLE{2022MNRAS.509.1664J,
       author = {{Jackson}, R.~J. and {Jeffries}, R.~D. and {Wright}, N.~J. and {Randich}, S. and {Sacco}, G. and {Bragaglia}, A. and {Hourihane}, A. and {Tognelli}, E. and {Degl'Innocenti}, S. and {Prada Moroni}, P.~G. and {Gilmore}, G. and {Bensby}, T. and {Pancino}, E. and {Smiljanic}, R. and {Bergemann}, M. and {Carraro}, G. and {Franciosini}, E. and {Gonneau}, A. and {Jofr{\'e}}, P. and {Lewis}, J. and {Magrini}, L. and {Morbidelli}, L. and {Prisinzano}, L. and {Worley}, C. and {Zaggia}, S. and {Tautvai{\v{s}}iene}, G. and {Guti{\'e}rrez Albarr{\'a}n}, M.~L. and {Montes}, D. and {Jim{\'e}nez-Esteban}, F.},
        title = "{The Gaia-ESO Survey: Membership probabilities for stars in 63 open and 7 globular clusters from 3D kinematics}",
      journal = {Monthly Notices of the RAS},
     keywords = {stars: evolution, stars: pre-main-sequence, open clusters and associations: general, Astrophysics - Solar and Stellar Astrophysics, Astrophysics - Astrophysics of Galaxies},
         year = 2022,
        month = jan,
       volume = {509},
       number = {2},
        pages = {1664-1680},
       eprint = {2110.10477},
 primaryClass = {astro-ph.SR},
       adsurl = {https://ui.adsabs.harvard.edu/abs/2022MNRAS.509.1664J},
      adsnote = {Provided by the SAO/NASA Astrophysics Data System}
}

@INPROCEEDINGS{1995ASSL..203..127M,
       author = {{Mermilliod}, Jean-Claude},
        title = "{The Database for Galactic Open Clusters (BDA)}",
     keywords = {Data Bases: Open Clusters},
    booktitle = {Information \& On-Line Data in Astronomy},
         year = 1995,
       editor = {{Egret}, D. and {Albrecht}, M.~A.},
       volume = {203},
        month = jan,
        pages = {127},
       adsurl = {https://ui.adsabs.harvard.edu/abs/1995ASSL..203..127M},
      adsnote = {Provided by the SAO/NASA Astrophysics Data System}
}